date,city,sales,State Sales Tax,Local Sales Tax,City Sales Tax,Salt Lake City Sales TAx,Mass Transit Tax,Transportation Tax,Salt Lake City Sales Tax,State Sales Tax Change,Local Sales Tax Change,City Sales Tax Change,Salt Lake City Sales Tax Change,Mass Transit Tax Change,Transportation Tax Change,Total Sales Change
1998-01,Bountiful,19766652.9,4.85,1.35,0.0,0.0,0.55,0.25,0.0,0.0,0.0,0.0,0.0,0.0,0.0,0.0
1998-01,Murray,81755790.2100001,4.85,1.35,0.0,0.0,0.55,0.25,0.0,0.0,0.0,0.0,0.0,0.0,0.0,0.0
1998-01,North Salt Lake,6961050.81,4.85,1.35,0.0,0.0,0.55,0.25,0.0,0.0,0.0,0.0,0.0,0.0,0.0,0.0
1998-01,Salt Lake City,256556914.1699999,4.7,1.35,0.0,0.0,0.55,0.25,0.0,0.0,0.0,0.0,0.0,0.0,0.0,0.0
1998-01,South Salt Lake,64407858.42,4.85,1.35,0.0,0.0,0.55,0.25,0.0,0.0,0.0,0.0,0.0,0.0,0.0,0.0
1998-01,Taylorsville,33184825.700000003,4.85,1.35,0.0,0.0,0.55,0.25,0.0,0.0,0.0,0.0,0.0,0.0,0.0,0.0
1998-01,West Valley City,81440834.03,4.85,1.35,0.0,0.0,0.55,0.25,0.0,0.0,0.0,0.0,0.0,0.0,0.0,0.0
1998-01,Woods Cross,10057758.84,4.85,1.35,0.0,0.0,0.55,0.25,0.0,0.0,0.0,0.0,0.0,0.0,0.0,0.0
1998-02,Bountiful,23027358.93,4.85,1.35,0.0,0.0,0.55,0.25,0.0,0.0,0.0,0.0,0.0,0.0,0.0,0.0
1998-02,Murray,74671546.5,4.85,1.35,0.0,0.0,0.55,0.25,0.0,0.0,0.0,0.0,0.0,0.0,0.0,0.0
1998-02,North Salt Lake,4830950.4399999995,4.85,1.35,0.0,0.0,0.55,0.25,0.0,0.0,0.0,0.0,0.0,0.0,0.0,0.0
1998-02,Salt Lake City,256689614.32,4.7,1.35,0.0,0.0,0.55,0.25,0.0,0.0,0.0,0.0,0.0,0.0,0.0,0.0
1998-02,South Salt Lake,65544133.19,4.85,1.35,0.0,0.0,0.55,0.25,0.0,0.0,0.0,0.0,0.0,0.0,0.0,45777480.29
1998-02,Taylorsville,31232823.389999997,4.85,1.35,0.0,0.0,0.55,0.25,0.0,0.0,0.0,0.0,0.0,0.0,0.0,-50522966.8200001
1998-02,West Valley City,86458404.32000001,4.85,1.35,0.0,0.0,0.55,0.25,0.0,0.0,0.0,0.0,0.0,0.0,0.0,79497353.51
1998-02,Woods Cross,9157780.95,4.85,1.35,0.0,0.0,0.55,0.25,0.0,0.14999999999999947,0.0,0.0,0.0,0.0,0.0,-247399133.2199999
1998-03,Bountiful,24670100.32,4.85,1.35,0.0,0.0,0.55,0.25,0.0,0.0,0.0,0.0,0.0,0.0,0.0,-39737758.1
1998-03,Murray,93889970.99999999,4.85,1.35,0.0,0.0,0.55,0.25,0.0,0.0,0.0,0.0,0.0,0.0,0.0,60705145.29999998
1998-03,North Salt Lake,8964601.41,4.85,1.35,0.0,0.0,0.55,0.25,0.0,0.0,0.0,0.0,0.0,0.0,0.0,-72476232.62
1998-03,Salt Lake City,289483160.3100001,4.7,1.35,0.0,0.0,0.55,0.25,0.0,-0.14999999999999947,0.0,0.0,0.0,0.0,0.0,279425401.47000015
1998-03,South Salt Lake,67057637.72,4.85,1.35,0.0,0.0,0.55,0.25,0.0,0.0,0.0,0.0,0.0,0.0,0.0,44030278.79
1998-03,Taylorsville,34293281.92,4.85,1.35,0.0,0.0,0.55,0.25,0.0,0.0,0.0,0.0,0.0,0.0,0.0,-40378264.58
1998-03,West Valley City,93681186.39,4.85,1.35,0.0,0.0,0.55,0.25,0.0,0.0,0.0,0.0,0.0,0.0,0.0,88850235.95
1998-03,Woods Cross,11690066.31,4.85,1.35,0.0,0.0,0.55,0.25,0.0,0.14999999999999947,0.0,0.0,0.0,0.0,0.0,-244999548.01
1998-04,Bountiful,26452677.279999997,4.85,1.35,0.0,0.0,0.55,0.25,0.0,0.0,0.0,0.0,0.0,0.0,0.0,-39091455.91
1998-04,Murray,91738405.89,4.85,1.35,0.0,0.0,0.55,0.25,0.0,0.0,0.0,0.0,0.0,0.0,0.0,60505582.5
1998-04,North Salt Lake,6812481.350000001,4.85,1.35,0.0,0.0,0.55,0.25,0.0,0.0,0.0,0.0,0.0,0.0,0.0,-79645922.97000001
1998-04,Salt Lake City,298737884.43,4.7,1.35,0.0,0.0,0.55,0.25,0.0,-0.14999999999999947,0.0,0.0,0.0,0.0,0.0,289580103.48
1998-04,South Salt Lake,69022959.41,4.85,1.35,0.0,0.0,0.55,0.25,0.0,0.0,0.0,0.0,0.0,0.0,0.0,44352859.089999996
1998-04,Taylorsville,35075548.42,4.85,1.35,0.0,0.0,0.55,0.25,0.0,0.0,0.0,0.0,0.0,0.0,0.0,-58814422.57999998
1998-04,West Valley City,90405821.53999999,4.85,1.35,0.0,0.0,0.55,0.25,0.0,0.0,0.0,0.0,0.0,0.0,0.0,81441220.13
1998-04,Woods Cross,11199354.12,4.85,1.35,0.0,0.0,0.55,0.25,0.0,0.14999999999999947,0.0,0.0,0.0,0.0,0.0,-278283806.1900001
1998-05,Bountiful,27443444.810000002,4.85,1.35,0.0,0.0,0.55,0.25,0.0,0.0,0.0,0.0,0.0,0.0,0.0,-39614192.91
1998-05,Murray,91386080.75,4.85,1.35,0.0,0.0,0.55,0.25,0.0,0.0,0.0,0.0,0.0,0.0,0.0,57092798.83
1998-05,North Salt Lake,9512688.32,4.85,1.35,0.0,0.0,0.55,0.25,0.0,0.0,0.0,0.0,0.0,0.0,0.0,-84168498.07
1998-05,Salt Lake City,278821124.0400001,4.7,1.35,0.0,0.0,0.55,0.25,0.0,-0.14999999999999947,0.0,0.0,0.0,0.0,0.0,267131057.73000008
1998-05,South Salt Lake,68372916.16,4.85,1.35,0.0,0.0,0.55,0.25,0.0,0.0,0.0,0.0,0.0,0.0,0.0,41920238.879999995
1998-05,Taylorsville,36957416.41,4.85,1.35,0.0,0.0,0.55,0.25,0.0,0.0,0.0,0.0,0.0,0.0,0.0,-54780989.480000004
1998-05,West Valley City,89319537.7,4.85,1.35,0.0,0.0,0.55,0.25,0.0,0.0,0.0,0.0,0.0,0.0,0.0,82507056.35000001
1998-05,Woods Cross,8764119.89,4.85,1.35,0.0,0.0,0.55,0.25,0.0,0.14999999999999947,0.0,0.0,0.0,0.0,0.0,-289973764.54
1998-06,Bountiful,25781898.45,4.85,1.35,0.0,0.0,0.55,0.25,0.0,0.0,0.0,0.0,0.0,0.0,0.0,-43241060.95999999
1998-06,Murray,90970453.69,4.85,1.35,0.0,0.0,0.55,0.25,0.0,0.0,0.0,0.0,0.0,0.0,0.0,55894905.269999996
1998-06,North Salt Lake,8984968.39,4.85,1.35,0.0,0.0,0.55,0.25,0.0,0.0,0.0,0.0,0.0,0.0,0.0,-81420853.14999999
1998-06,Salt Lake City,305511178.82103467,4.7,1.35,0.0,0.0,0.55,0.25,0.0,-0.14999999999999947,0.0,0.0,0.0,0.0,0.0,294311824.70103467
1998-06,South Salt Lake,76493332.26,4.85,1.35,0.0,0.0,0.55,0.25,0.0,0.0,0.0,0.0,0.0,0.0,0.0,49049887.45
1998-06,Taylorsville,34347737.85,4.85,1.35,0.0,0.0,0.55,0.25,0.0,0.0,0.0,0.0,0.0,0.0,0.0,-57038342.9
1998-06,West Valley City,100638774.56206897,4.85,1.35,0.0,0.0,0.55,0.25,0.0,0.0,0.0,0.0,0.0,0.0,0.0,91126086.24206898
1998-06,Woods Cross,11416618.799999999,4.85,1.35,0.0,0.0,0.55,0.25,0.0,0.14999999999999947,0.0,0.0,0.0,0.0,0.0,-267404505.24000007
1998-07,Bountiful,27683639.299999997,4.85,1.35,0.0,0.0,0.55,0.25,0.0,0.0,0.0,0.0,0.0,0.0,0.0,-40689276.86
1998-07,Murray,106260401.17999999,4.85,1.35,0.0,0.0,0.55,0.25,0.0,0.0,0.0,0.0,0.0,0.0,0.0,69302984.77
1998-07,North Salt Lake,9443556.15,4.85,1.35,0.0,0.0,0.55,0.25,0.0,0.0,0.0,0.0,0.0,0.0,0.0,-79875981.55
1998-07,Salt Lake City,307378402.51,4.7,1.35,0.0,0.0,0.55,0.25,0.0,-0.14999999999999947,0.0,0.0,0.0,0.0,0.0,298614282.62
1998-07,South Salt Lake,77499290.39,4.85,1.35,0.0,0.0,0.55,0.25,0.0,0.0,0.0,0.0,0.0,0.0,0.0,51717391.94
1998-07,Taylorsville,38035796.800000004,4.85,1.35,0.0,0.0,0.55,0.25,0.0,0.0,0.0,0.0,0.0,0.0,0.0,-52934656.88999999
1998-07,West Valley City,97019186.8,4.85,1.35,0.0,0.0,0.55,0.25,0.0,0.0,0.0,0.0,0.0,0.0,0.0,88034218.41
1998-07,Woods Cross,16880895.47,4.85,1.35,0.0,0.0,0.55,0.25,0.0,0.14999999999999947,0.0,0.0,0.0,0.0,0.0,-288630283.35103464
1998-08,Bountiful,26731177.62,4.85,1.35,0.0,0.0,0.55,0.25,0.0,0.0,0.0,0.0,0.0,0.0,0.0,-49762154.64
1998-08,Murray,100529257.03,4.85,1.35,0.0,0.0,0.55,0.25,0.0,0.0,0.0,0.0,0.0,0.0,0.0,66181519.18
1998-08,North Salt Lake,8935860.23,4.85,1.35,0.0,0.0,0.55,0.25,0.0,0.0,0.0,0.0,0.0,0.0,0.0,-91702914.33206896
1998-08,Salt Lake City,280341665.52,4.7,1.35,0.0,0.0,0.55,0.25,0.0,-0.14999999999999947,0.0,0.0,0.0,0.0,0.0,268925046.71999997
1998-08,South Salt Lake,73006726.19,4.85,1.35,0.0,0.0,0.55,0.25,0.0,0.0,0.0,0.0,0.0,0.0,0.0,45323086.89
1998-08,Taylorsville,35160583.230000004,4.85,1.35,0.0,0.0,0.55,0.25,0.0,0.0,0.0,0.0,0.0,0.0,0.0,-71099817.94999999
1998-08,West Valley City,96936535.72,4.85,1.35,0.0,0.0,0.55,0.25,0.0,0.0,0.0,0.0,0.0,0.0,0.0,87492979.57
1998-08,Woods Cross,10210322.04,4.85,1.35,0.0,0.0,0.55,0.25,0.0,0.14999999999999947,0.0,0.0,0.0,0.0,0.0,-297168080.46999997
1998-09,Bountiful,24188614.4,4.85,1.35,0.0,0.0,0.55,0.25,0.0,0.0,0.0,0.0,0.0,0.0,0.0,-53310675.99
1998-09,Murray,98465762.74000001,4.85,1.35,0.0,0.0,0.55,0.25,0.0,0.0,0.0,0.0,0.0,0.0,0.0,60429965.940000005
1998-09,North Salt Lake,7576128.649999999,4.85,1.35,0.0,0.0,0.55,0.25,0.0,0.0,0.0,0.0,0.0,0.0,0.0,-89443058.14999999
1998-09,Salt Lake City,304037057.7000001,4.7,1.35,0.0,0.0,0.55,0.25,0.0,-0.14999999999999947,0.0,0.0,0.0,0.0,0.0,287156162.23000014
1998-09,South Salt Lake,73172586.85000001,4.85,1.35,0.0,0.0,0.55,0.25,0.0,0.0,0.0,0.0,0.0,0.0,0.0,46441409.230000004
1998-09,Taylorsville,39874935.870000005,4.85,1.35,0.0,0.0,0.55,0.25,0.0,0.0,0.0,0.0,0.0,0.0,0.0,-60654321.16
1998-09,West Valley City,93823457.48,4.85,1.35,0.0,0.0,0.55,0.25,0.0,0.0,0.0,0.0,0.0,0.0,0.0,84887597.25
1998-09,Woods Cross,16293171.04,4.85,1.35,0.0,0.0,0.55,0.25,0.0,0.14999999999999947,0.0,0.0,0.0,0.0,0.0,-264048494.48
1998-10,Bountiful,25280127.2,4.85,1.35,0.0,0.0,0.55,0.25,0.0,0.0,0.0,0.0,0.0,0.0,0.0,-47726598.989999995
1998-10,Murray,98919438.88,4.85,1.35,0.0,0.0,0.55,0.25,0.0,0.0,0.0,0.0,0.0,0.0,0.0,63758855.64999999
1998-10,North Salt Lake,7348303.92,4.85,1.35,0.0,0.0,0.55,0.25,0.0,0.0,0.0,0.0,0.0,0.0,0.0,-89588231.8
1998-10,Salt Lake City,310521315.63,4.7,1.35,0.0,0.0,0.55,0.25,0.0,-0.14999999999999947,0.0,0.0,0.0,0.0,0.0,300310993.59
1998-10,South Salt Lake,83437462.31,4.85,1.35,0.0,0.0,0.55,0.25,0.0,0.0,0.0,0.0,0.0,0.0,0.0,59248847.910000004
1998-10,Taylorsville,37983657.190000005,4.85,1.35,0.0,0.0,0.55,0.25,0.0,0.0,0.0,0.0,0.0,0.0,0.0,-60482105.550000004
1998-10,West Valley City,89460654.30999999,4.85,1.35,0.0,0.0,0.55,0.25,0.0,0.0,0.0,0.0,0.0,0.0,0.0,81884525.65999998
1998-10,Woods Cross,10589768.03,4.85,1.35,0.0,0.0,0.55,0.25,0.0,0.14999999999999947,0.0,0.0,0.0,0.0,0.0,-293447289.67000014
1998-11,Bountiful,23252830.479999997,4.85,1.35,0.0,0.0,0.55,0.25,0.0,0.0,0.0,0.0,0.0,0.0,0.0,-49919756.37000001
1998-11,Murray,96774898.58000001,4.85,1.35,0.0,0.0,0.55,0.25,0.0,0.0,0.0,0.0,0.0,0.0,0.0,56899962.71000001
1998-11,North Salt Lake,7447113.01,4.85,1.35,0.0,0.0,0.55,0.25,0.0,0.0,0.0,0.0,0.0,0.0,0.0,-86376344.47
1998-11,Salt Lake City,289302259.5199999,4.7,1.35,0.0,0.0,0.55,0.25,0.0,-0.14999999999999947,0.0,0.0,0.0,0.0,0.0,273009088.4799999
1998-11,South Salt Lake,77278595.17999999,4.85,1.35,0.0,0.0,0.55,0.25,0.0,0.0,0.0,0.0,0.0,0.0,0.0,51998467.97999999
1998-11,Taylorsville,38033939.87,4.85,1.35,0.0,0.0,0.55,0.25,0.0,0.0,0.0,0.0,0.0,0.0,0.0,-60885499.01
1998-11,West Valley City,102870078.45,4.85,1.35,0.0,0.0,0.55,0.25,0.0,0.0,0.0,0.0,0.0,0.0,0.0,95521774.53
1998-11,Woods Cross,8986665.96,4.85,1.35,0.0,0.0,0.55,0.25,0.0,0.14999999999999947,0.0,0.0,0.0,0.0,0.0,-301534649.67
1998-12,Bountiful,26681700.27,4.85,1.35,0.0,0.0,0.55,0.25,0.0,0.0,0.0,0.0,0.0,0.0,0.0,-56755762.04000001
1998-12,Murray,90259280.22,4.85,1.35,0.0,0.0,0.55,0.25,0.0,0.0,0.0,0.0,0.0,0.0,0.0,52275623.029999994
1998-12,North Salt Lake,8669183.39,4.85,1.35,0.0,0.0,0.55,0.25,0.0,0.0,0.0,0.0,0.0,0.0,0.0,-80791470.91999999
1998-12,Salt Lake City,341878493.4199999,4.7,1.35,0.0,0.0,0.55,0.25,0.0,-0.14999999999999947,0.0,0.0,0.0,0.0,0.0,331288725.3899999
1998-12,South Salt Lake,80863204.12,4.85,1.35,0.0,0.0,0.55,0.25,0.0,0.0,0.0,0.0,0.0,0.0,0.0,57610373.64000001
1998-12,Taylorsville,51593729.699999996,4.85,1.35,0.0,0.0,0.55,0.25,0.0,0.0,0.0,0.0,0.0,0.0,0.0,-45181168.88000002
1998-12,West Valley City,98683159.44999999,4.85,1.35,0.0,0.0,0.55,0.25,0.0,0.0,0.0,0.0,0.0,0.0,0.0,91236046.43999998
1998-12,Woods Cross,11256001.629999999,4.85,1.35,0.0,0.0,0.55,0.25,0.0,0.14999999999999947,0.0,0.0,0.0,0.0,0.0,-278046257.8899999
1999-01,Bountiful,22847159.3,4.85,1.35,0.0,0.0,0.55,0.25,0.0,0.0,0.0,0.0,0.0,0.0,0.0,-54431435.879999995
1999-01,Murray,85273865.2,4.85,1.35,0.0,0.0,0.55,0.25,0.0,0.0,0.0,0.0,0.0,0.0,0.0,47239925.330000006
1999-01,North Salt Lake,5635586.54,4.85,1.35,0.0,0.0,0.55,0.25,0.0,0.0,0.0,0.0,0.0,0.0,0.0,-97234491.91
1999-01,Salt Lake City,265359550.4,4.7,1.35,0.0,0.0,0.55,0.25,0.0,-0.14999999999999947,0.0,0.0,0.0,0.0,0.0,256372884.44
1999-01,South Salt Lake,75513750.0,4.85,1.35,0.0,0.0,0.55,0.25,0.0,0.0,0.0,0.0,0.0,0.0,0.0,48832049.730000004
1999-01,Taylorsville,35711041.5,4.85,1.35,0.0,0.0,0.55,0.25,0.0,0.0,0.0,0.0,0.0,0.0,0.0,-54548238.72
1999-01,West Valley City,80904446.47999999,4.85,1.35,0.0,0.0,0.55,0.25,0.0,0.0,0.0,0.0,0.0,0.0,0.0,72235263.08999999
1999-01,Woods Cross,6031772.620000001,4.85,1.35,0.0,0.0,0.55,0.25,0.0,0.14999999999999947,0.0,0.0,0.0,0.0,0.0,-335846720.7999999
1999-02,Bountiful,23791251.27,4.85,1.35,0.0,0.0,0.55,0.25,0.0,0.0,0.0,0.0,0.0,0.0,0.0,-57071952.85000001
1999-02,Murray,134004727.95,4.85,1.35,0.0,0.0,0.55,0.25,0.0,0.0,0.0,0.0,0.0,0.0,0.0,82410998.25
1999-02,North Salt Lake,6664105.91,4.85,1.35,0.0,0.0,0.55,0.25,0.0,0.0,0.0,0.0,0.0,0.0,0.0,-92019053.53999999
1999-02,Salt Lake City,283859540.23,4.7,1.35,0.0,0.0,0.55,0.25,0.0,-0.14999999999999947,0.0,0.0,0.0,0.0,0.0,272603538.6
1999-02,South Salt Lake,82854177.77,4.85,1.35,0.0,0.0,0.55,0.25,0.0,0.0,0.0,0.0,0.0,0.0,0.0,60007018.47
1999-02,Taylorsville,31168228.61,4.85,1.35,0.0,0.0,0.55,0.25,0.0,0.0,0.0,0.0,0.0,0.0,0.0,-54105636.59
1999-02,West Valley City,85530383.82,4.85,1.35,0.0,0.0,0.55,0.25,0.0,0.0,0.0,0.0,0.0,0.0,0.0,79894797.27999999
1999-02,Woods Cross,9617960.75,4.85,1.35,0.0,0.0,0.55,0.25,0.0,0.14999999999999947,0.0,0.0,0.0,0.0,0.0,-255741589.65
1999-03,Bountiful,23547508.22,4.85,1.35,0.0,0.0,0.55,0.25,0.0,0.0,0.0,0.0,0.0,0.0,0.0,-51966241.78
1999-03,Murray,100469895.78,4.85,1.35,0.0,0.0,0.55,0.25,0.0,0.0,0.0,0.0,0.0,0.0,0.0,64758854.28
1999-03,North Salt Lake,7921930.359999999,4.85,1.35,0.0,0.0,0.55,0.25,0.0,0.0,0.0,0.0,0.0,0.0,0.0,-72982516.11999999
1999-03,Salt Lake City,310734140.49,4.7,1.35,0.0,0.0,0.55,0.25,0.0,-0.14999999999999947,0.0,0.0,0.0,0.0,0.0,304702367.87
1999-03,South Salt Lake,92745722.13999999,4.85,1.35,0.0,0.0,0.55,0.25,0.0,0.0,0.0,0.0,0.0,0.0,0.0,68954470.86999999
1999-03,Taylorsville,37114142.2,4.85,1.35,0.0,0.0,0.55,0.25,0.0,0.0,0.0,0.0,0.0,0.0,0.0,-96890585.75
1999-03,West Valley City,95670090.25,4.85,1.35,0.0,0.0,0.55,0.25,0.0,0.0,0.0,0.0,0.0,0.0,0.0,89005984.34
1999-03,Woods Cross,11766929.719999999,4.85,1.35,0.0,0.0,0.55,0.25,0.0,0.14999999999999947,0.0,0.0,0.0,0.0,0.0,-272092610.51
1999-04,Bountiful,24569313.77,4.85,1.35,0.0,0.0,0.55,0.25,0.0,0.0,0.0,0.0,0.0,0.0,0.0,-58284864.0
1999-04,Murray,95823753.02,4.85,1.35,0.0,0.0,0.55,0.25,0.0,0.0,0.0,0.0,0.0,0.0,0.0,64655524.41
1999-04,North Salt Lake,8306853.9399999995,4.85,1.35,0.0,0.0,0.55,0.25,0.0,0.0,0.0,0.0,0.0,0.0,0.0,-77223529.88
1999-04,Salt Lake City,297008715.1,4.7,1.35,0.0,0.0,0.55,0.25,0.0,-0.14999999999999947,0.0,0.0,0.0,0.0,0.0,287390754.35
1999-04,South Salt Lake,92633339.67000002,4.85,1.35,0.0,0.0,0.55,0.25,0.0,0.0,0.0,0.0,0.0,0.0,0.0,69085831.45000002
1999-04,Taylorsville,35857661.81,4.85,1.35,0.0,0.0,0.55,0.25,0.0,0.0,0.0,0.0,0.0,0.0,0.0,-64612233.97
1999-04,West Valley City,98682269.42,4.85,1.35,0.0,0.0,0.55,0.25,0.0,0.0,0.0,0.0,0.0,0.0,0.0,90760339.06
1999-04,Woods Cross,11056774.55,4.85,1.35,0.0,0.0,0.55,0.25,0.0,0.14999999999999947,0.0,0.0,0.0,0.0,0.0,-299677365.94
1999-05,Bountiful,26309959.75,4.85,1.35,0.0,0.0,0.55,0.25,0.0,0.0,0.0,0.0,0.0,0.0,0.0,-66435762.389999986
1999-05,Murray,96924239.35,4.85,1.35,0.0,0.0,0.55,0.25,0.0,0.0,0.0,0.0,0.0,0.0,0.0,59810097.14999999
1999-05,North Salt Lake,8558388.68,4.85,1.35,0.0,0.0,0.55,0.25,0.0,0.0,0.0,0.0,0.0,0.0,0.0,-87111701.57
1999-05,Salt Lake City,284965798.5375863,4.7,1.35,0.0,0.0,0.55,0.25,0.0,-0.14999999999999947,0.0,0.0,0.0,0.0,0.0,273198868.8175863
1999-05,South Salt Lake,93702782.79,4.85,1.35,0.0,0.0,0.55,0.25,0.0,0.0,0.0,0.0,0.0,0.0,0.0,69133469.02000001
1999-05,Taylorsville,37415567.81,4.85,1.35,0.0,0.0,0.55,0.25,0.0,0.0,0.0,0.0,0.0,0.0,0.0,-58408185.20999999
1999-05,West Valley City,93848302.06,4.85,1.35,0.0,0.0,0.55,0.25,0.0,0.0,0.0,0.0,0.0,0.0,0.0,85541448.12
1999-05,Woods Cross,11647420.780000001,4.85,1.35,0.0,0.0,0.55,0.25,0.0,0.14999999999999947,0.0,0.0,0.0,0.0,0.0,-285361294.32000005
1999-06,Bountiful,24390027.6,4.85,1.35,0.0,0.0,0.55,0.25,0.0,0.0,0.0,0.0,0.0,0.0,0.0,-68243312.07000002
1999-06,Holladay,-1000.0,4.85,1.35,0.0,0.0,0.55,0.25,0.0,0.0,0.0,0.0,0.0,0.0,0.0,-35858661.81
1999-06,Murray,111704362.58,4.85,1.35,0.0,0.0,0.55,0.25,0.0,0.0,0.0,0.0,0.0,0.0,0.0,13022093.159999996
1999-06,North Salt Lake,7361719.96,4.85,1.35,0.0,0.0,0.55,0.25,0.0,0.0,0.0,0.0,0.0,0.0,0.0,-3695054.590000001
1999-06,Salt Lake City,302374590.07,4.7,1.35,0.0,0.0,0.55,0.25,0.0,-0.14999999999999947,0.0,0.0,0.0,0.0,0.0,276064630.32
1999-06,South Salt Lake,108419091.4600001,4.85,1.35,0.0,0.0,0.55,0.25,0.0,0.0,0.0,0.0,0.0,0.0,0.0,11494852.110000104
1999-06,Taylorsville,35738528.91,4.85,1.35,0.0,0.0,0.55,0.25,0.0,0.0,0.0,0.0,0.0,0.0,0.0,27180140.229999997
1999-06,West Valley City,99026826.92,4.85,1.35,0.0,0.0,0.55,0.25,0.0,0.14999999999999947,0.0,0.0,0.0,0.0,0.0,-185938971.61758626
1999-06,Woods Cross,12344384.03,4.85,1.35,0.0,0.0,0.55,0.25,0.0,0.0,0.0,0.0,0.0,0.0,0.0,-81358398.76
1999-07,Bountiful,25160612.17,4.85,1.35,0.0,0.0,0.55,0.25,0.0,0.0,0.0,0.0,0.0,0.0,0.0,-12254955.64
1999-07,Murray,106879696.89000002,4.85,1.35,0.0,0.0,0.55,0.25,0.0,0.0,0.0,0.0,0.0,0.0,0.0,13031394.830000013
1999-07,North Salt Lake,10409338.440000001,4.85,1.35,0.0,0.0,0.55,0.25,0.0,0.0,0.0,0.0,0.0,0.0,0.0,-1238082.3399999999
1999-07,Salt Lake City,320207000.21,4.7,1.35,0.0,0.0,0.55,0.25,0.0,-0.14999999999999947,0.0,0.0,0.0,0.0,0.0,295816972.60999995
1999-07,South Salt Lake,111151785.28999999,4.85,1.35,0.0,0.0,0.55,0.25,0.0,0.0,0.0,0.0,0.0,0.0,0.0,111152785.28999999
1999-07,Taylorsville,37284785.29,4.85,1.35,0.0,0.0,0.55,0.25,0.0,0.0,0.0,0.0,0.0,0.0,0.0,-74419577.28999999
1999-07,West Valley City,100986949.27,4.85,1.35,0.0,0.0,0.55,0.25,0.0,0.0,0.0,0.0,0.0,0.0,0.0,93625229.31
1999-07,Woods Cross,14539907.72,4.85,1.35,0.0,0.0,0.55,0.25,0.0,0.14999999999999947,0.0,0.0,0.0,0.0,0.0,-287834682.34999996
1999-08,Bountiful,27911658.459999997,4.85,1.35,0.0,0.0,0.55,0.25,0.0,0.0,0.0,0.0,0.0,0.0,0.0,-80507433.0000001
1999-08,Murray,107244782.2,4.85,1.35,0.0,0.0,0.55,0.25,0.0,0.0,0.0,0.0,0.0,0.0,0.0,71506253.29
1999-08,North Salt Lake,9288997.52,4.85,1.35,0.0,0.0,0.55,0.25,0.0,0.0,0.0,0.0,0.0,0.0,0.0,-89737829.4
1999-08,Salt Lake City,302370265.15,4.7,1.35,0.0,0.0,0.55,0.25,0.0,-0.14999999999999947,0.0,0.0,0.0,0.0,0.0,290025881.12
1999-08,South Salt Lake,108099597.29,4.85,1.35,0.0,0.0,0.55,0.25,0.0,0.0,0.0,0.0,0.0,0.0,0.0,82938985.12
1999-08,Taylorsville,34220402.66,4.85,1.35,0.0,0.0,0.55,0.25,0.0,0.0,0.0,0.0,0.0,0.0,0.0,-72659294.23000002
1999-08,West Valley City,94501282.92999999,4.85,1.35,0.0,0.0,0.55,0.25,0.0,0.0,0.0,0.0,0.0,0.0,0.0,84091944.49
1999-08,Woods Cross,11494518.239999998,4.85,1.35,0.0,0.0,0.55,0.25,0.0,0.14999999999999947,0.0,0.0,0.0,0.0,0.0,-308712481.96999997
1999-09,Bountiful,23714734.509999998,4.85,1.35,0.0,0.0,0.55,0.25,0.0,0.0,0.0,0.0,0.0,0.0,0.0,-87437050.78
1999-09,Holladay,-2000.0,4.85,1.35,0.0,0.0,0.55,0.25,0.0,0.0,0.0,0.0,0.0,0.0,0.0,-37286785.29
1999-09,Murray,101964591.25999999,4.85,1.35,0.0,0.0,0.55,0.25,0.0,0.0,0.0,0.0,0.0,0.0,0.0,977641.9899999946
1999-09,North Salt Lake,8868123.71,4.85,1.35,0.0,0.0,0.55,0.25,0.0,0.0,0.0,0.0,0.0,0.0,0.0,-5671784.01
1999-09,Salt Lake City,309821460.7299999,4.7,1.35,0.0,0.0,0.55,0.25,0.0,-0.14999999999999947,0.0,0.0,0.0,0.0,0.0,281909802.2699999
1999-09,South Salt Lake,94993340.71,4.85,1.35,0.0,0.0,0.55,0.25,0.0,0.0,0.0,0.0,0.0,0.0,0.0,-12251441.49000001
1999-09,Taylorsville,34193117.96,4.85,1.35,0.0,0.0,0.55,0.25,0.0,0.0,0.0,0.0,0.0,0.0,0.0,24904120.44
1999-09,West Valley City,87572577.21,4.85,1.35,0.0,0.0,0.55,0.25,0.0,0.14999999999999947,0.0,0.0,0.0,0.0,0.0,-214797687.94
1999-09,Woods Cross,11641510.15,4.85,1.35,0.0,0.0,0.55,0.25,0.0,0.0,0.0,0.0,0.0,0.0,0.0,-96458087.14
1999-10,Bountiful,19239266.650000002,4.85,1.35,0.0,0.0,0.55,0.25,0.0,0.0,0.0,0.0,0.0,0.0,0.0,-14981136.009999994
1999-10,Murray,97655716.47000009,4.85,1.35,0.0,0.0,0.55,0.25,0.0,0.0,0.0,0.0,0.0,0.0,0.0,3154433.540000096
1999-10,North Salt Lake,10909078.55,4.85,1.35,0.0,0.0,0.55,0.25,0.0,0.0,0.0,0.0,0.0,0.0,0.0,-585439.6899999976
1999-10,Salt Lake City,301521218.21999997,4.7,1.35,0.0,0.0,0.55,0.25,0.0,-0.14999999999999947,0.0,0.0,0.0,0.0,0.0,277806483.71
1999-10,South Salt Lake,93578613.53999999,4.85,1.35,0.0,0.0,0.55,0.25,0.0,0.0,0.0,0.0,0.0,0.0,0.0,93580613.53999999
1999-10,Taylorsville,35083035.36,4.85,1.35,0.0,0.0,0.55,0.25,0.0,0.0,0.0,0.0,0.0,0.0,0.0,-66881555.89999999
1999-10,West Valley City,104437261.15,4.85,1.35,0.0,0.0,0.55,0.25,0.0,0.0,0.0,0.0,0.0,0.0,0.0,95569137.44
1999-10,Woods Cross,14034713.53,4.85,1.35,0.0,0.0,0.55,0.25,0.0,0.14999999999999947,0.0,0.0,0.0,0.0,0.0,-295786747.1999999
1999-11,Bountiful,21196036.14,4.85,1.35,0.0,0.0,0.55,0.25,0.0,0.0,0.0,0.0,0.0,0.0,0.0,-73797304.57
1999-11,Murray,103437408.0500001,4.85,1.35,0.0,0.0,0.55,0.25,0.0,0.0,0.0,0.0,0.0,0.0,0.0,69244290.0900001
1999-11,North Salt Lake,11048600.16,4.85,1.35,0.0,0.0,0.55,0.25,0.0,0.0,0.0,0.0,0.0,0.0,0.0,-76523977.05
1999-11,Salt Lake City,311463863.1199999,4.7,1.35,0.0,0.0,0.55,0.25,0.0,-0.14999999999999947,0.0,0.0,0.0,0.0,0.0,299822352.9699999
1999-11,South Salt Lake,71778618.37,4.85,1.35,0.0,0.0,0.55,0.25,0.0,0.0,0.0,0.0,0.0,0.0,0.0,52539351.72
1999-11,Taylorsville,40090961.66,4.85,1.35,0.0,0.0,0.55,0.25,0.0,0.0,0.0,0.0,0.0,0.0,0.0,-57564754.81000009
1999-11,West Valley City,115660461.66,4.85,1.35,0.0,0.0,0.55,0.25,0.0,0.0,0.0,0.0,0.0,0.0,0.0,104751383.11
1999-11,Woods Cross,12853172.26,4.85,1.35,0.0,0.0,0.55,0.25,0.0,0.14999999999999947,0.0,0.0,0.0,0.0,0.0,-288668045.96
1999-12,Bountiful,25554936.689999998,4.85,1.35,0.0,0.0,0.55,0.25,0.0,0.0,0.0,0.0,0.0,0.0,0.0,-68023676.85
1999-12,Murray,139763264.53,4.85,1.35,0.0,0.0,0.55,0.25,0.0,0.0,0.0,0.0,0.0,0.0,0.0,104680229.17
1999-12,North Salt Lake,9214897.18,4.85,1.35,0.0,0.0,0.55,0.25,0.0,0.0,0.0,0.0,0.0,0.0,0.0,-95222363.97
1999-12,Salt Lake City,353290529.06,4.7,1.35,0.0,0.0,0.55,0.25,0.0,-0.14999999999999947,0.0,0.0,0.0,0.0,0.0,339255815.53000003
1999-12,South Salt Lake,100970450.76,4.85,1.35,0.0,0.0,0.55,0.25,0.0,0.0,0.0,0.0,0.0,0.0,0.0,79774414.62
1999-12,Taylorsville,54402024.29,4.85,1.35,0.0,0.0,0.55,0.25,0.0,0.0,0.0,0.0,0.0,0.0,0.0,-49035383.7600001
1999-12,West Valley City,119024005.4,4.85,1.35,0.0,0.0,0.55,0.25,0.0,0.0,0.0,0.0,0.0,0.0,0.0,107975405.24000001
1999-12,Woods Cross,12092236.91,4.85,1.35,0.0,0.0,0.55,0.25,0.0,0.14999999999999947,0.0,0.0,0.0,0.0,0.0,-299371626.20999986
2000-01,Bountiful,23117089.130000003,4.85,1.35,0.0,0.0,0.55,0.25,0.0,0.0,0.0,0.0,0.0,0.0,0.0,-48661529.24
2000-01,Holladay,9927145.32,4.85,1.35,0.0,0.0,0.55,0.25,0.0,0.0,0.0,0.0,0.0,0.0,0.0,-30163816.339999996
2000-01,Murray,85793249.61,4.85,1.35,0.0,0.0,0.55,0.25,0.0,0.0,0.0,0.0,0.0,0.0,0.0,-29867212.049999997
2000-01,North Salt Lake,7425960.54,4.85,1.35,0.0,0.0,0.55,0.25,0.0,0.0,0.0,0.0,0.0,0.0,0.0,-5427211.72
2000-01,Salt Lake City,303095371.2,4.7,1.35,0.0,0.0,0.55,0.25,0.0,-0.14999999999999947,0.0,0.0,0.0,0.0,0.0,277540434.51
2000-01,South Salt Lake,80490129.49,4.85,1.35,0.0,0.0,0.55,0.25,0.0,0.0,0.0,0.0,0.0,0.0,0.0,-59273135.04000001
2000-01,Taylorsville,34501936.08,4.85,1.35,0.0,0.0,0.55,0.25,0.0,0.0,0.0,0.0,0.0,0.0,0.0,25287038.9
2000-01,West Valley City,85667396.21,4.85,1.35,0.0,0.0,0.55,0.25,0.0,0.14999999999999947,0.0,0.0,0.0,0.0,0.0,-267623132.85000002
2000-01,Woods Cross,10274325.600000001,4.85,1.35,0.0,0.0,0.55,0.25,0.0,0.0,0.0,0.0,0.0,0.0,0.0,-90696125.16
2000-02,Bountiful,25442909.139999997,4.85,1.35,0.0,0.0,0.55,0.25,0.0,0.0,0.0,0.0,0.0,0.0,0.0,-28959115.150000002
2000-02,Holladay,11439799.530000001,4.85,1.35,0.0,0.0,0.55,0.25,0.0,0.0,0.0,0.0,0.0,0.0,0.0,-107584205.87
2000-02,Murray,89699051.76,4.85,1.35,0.0,0.0,0.55,0.25,0.0,0.0,0.0,0.0,0.0,0.0,0.0,77606814.85000001
2000-02,North Salt Lake,6907130.39,4.85,1.35,0.0,0.0,0.55,0.25,0.0,0.0,0.0,0.0,0.0,0.0,0.0,-16209958.740000002
2000-02,Salt Lake City,300447456.1,4.7,1.35,0.0,0.0,0.55,0.25,0.0,-0.14999999999999947,0.0,0.0,0.0,0.0,0.0,290520310.78000003
2000-02,South Salt Lake,75726462.73,4.85,1.35,0.0,0.0,0.55,0.25,0.0,0.0,0.0,0.0,0.0,0.0,0.0,-10066786.879999995
2000-02,Taylorsville,32811192.580000002,4.85,1.35,0.0,0.0,0.55,0.25,0.0,0.0,0.0,0.0,0.0,0.0,0.0,25385232.040000003
2000-02,West Valley City,97762393.97,4.85,1.35,0.0,0.0,0.55,0.25,0.0,0.14999999999999947,0.0,0.0,0.0,0.0,0.0,-205332977.23
2000-02,Woods Cross,10008435.41,4.85,1.35,0.0,0.0,0.55,0.25,0.0,0.0,0.0,0.0,0.0,0.0,0.0,-70481694.08
2000-03,Bountiful,21835756.12,4.85,1.35,0.0,0.0,0.55,0.25,0.0,0.0,0.0,0.0,0.0,0.0,0.0,-12666179.959999997
2000-03,Holladay,12037469.86,4.85,1.35,0.0,0.0,0.55,0.25,0.0,0.0,0.0,0.0,0.0,0.0,0.0,-73629926.35
2000-03,Murray,102774597.17999999,4.85,1.35,0.0,0.0,0.55,0.25,0.0,0.0,0.0,0.0,0.0,0.0,0.0,92500271.57999998
2000-03,North Salt Lake,8985483.4,4.85,1.35,0.0,0.0,0.55,0.25,0.0,0.0,0.0,0.0,0.0,0.0,0.0,-16457425.739999996
2000-03,Salt Lake City,333303502.85551727,4.7,1.35,0.0,0.0,0.55,0.25,0.0,-0.14999999999999947,0.0,0.0,0.0,0.0,0.0,321863703.3255173
2000-03,South Salt Lake,94820808.83000001,4.85,1.35,0.0,0.0,0.55,0.25,0.0,0.0,0.0,0.0,0.0,0.0,0.0,5121757.070000008
2000-03,Taylorsville,35248324.61,4.85,1.35,0.0,0.0,0.55,0.25,0.0,0.0,0.0,0.0,0.0,0.0,0.0,28341194.22
2000-03,West Valley City,102550274.02,4.85,1.35,0.0,0.0,0.55,0.25,0.0,0.14999999999999947,0.0,0.0,0.0,0.0,0.0,-197897182.08000004
2000-03,Woods Cross,11920126.879999999,4.85,1.35,0.0,0.0,0.55,0.25,0.0,0.0,0.0,0.0,0.0,0.0,0.0,-63806335.85000001
2000-04,Bountiful,24655059.1,4.85,1.35,0.0,0.0,0.55,0.25,0.0,0.0,0.0,0.0,0.0,0.0,0.0,-8156133.48
2000-04,Holladay,11979396.13,4.85,1.35,0.0,0.0,0.55,0.25,0.0,0.0,0.0,0.0,0.0,0.0,0.0,-85782997.84
2000-04,Murray,98722456.21,4.85,1.35,0.0,0.0,0.55,0.25,0.0,0.0,0.0,0.0,0.0,0.0,0.0,88714020.8
2000-04,North Salt Lake,10153007.54,4.85,1.35,0.0,0.0,0.55,0.25,0.0,0.0,0.0,0.0,0.0,0.0,0.0,-11682748.580000002
2000-04,Salt Lake City,303105872.30000013,4.7,1.35,0.0,0.0,0.55,0.25,0.0,-0.14999999999999947,0.0,0.0,0.0,0.0,0.0,291068402.4400001
2000-04,South Salt Lake,86993991.53,4.85,1.35,0.0,0.0,0.55,0.25,0.0,0.0,0.0,0.0,0.0,0.0,0.0,-15780605.649999991
2000-04,Taylorsville,36117185.81,4.85,1.35,0.0,0.0,0.55,0.25,0.0,0.0,0.0,0.0,0.0,0.0,0.0,27131702.410000004
2000-04,West Valley City,100546889.86999999,4.85,1.35,0.0,0.0,0.55,0.25,0.0,0.14999999999999947,0.0,0.0,0.0,0.0,0.0,-232756612.98551726
2000-04,Woods Cross,11847683.780000001,4.85,1.35,0.0,0.0,0.55,0.25,0.0,0.0,0.0,0.0,0.0,0.0,0.0,-82973125.05000001
2000-05,Bountiful,25203519.0,4.85,1.35,0.0,0.0,0.55,0.25,0.0,0.0,0.0,0.0,0.0,0.0,0.0,-10044805.61
2000-05,Holladay,11038539.43,4.85,1.35,0.0,0.0,0.55,0.25,0.0,0.0,0.0,0.0,0.0,0.0,0.0,-91511734.59
2000-05,Murray,102499353.06,4.85,1.35,0.0,0.0,0.55,0.25,0.0,0.0,0.0,0.0,0.0,0.0,0.0,90579226.18
2000-05,North Salt Lake,9772375.59,4.85,1.35,0.0,0.0,0.55,0.25,0.0,0.0,0.0,0.0,0.0,0.0,0.0,-14882683.510000002
2000-05,Salt Lake City,314366542.32,4.7,1.35,0.0,0.0,0.55,0.25,0.0,-0.14999999999999947,0.0,0.0,0.0,0.0,0.0,302387146.19
2000-05,South Salt Lake,94262905.88,4.85,1.35,0.0,0.0,0.55,0.25,0.0,0.0,0.0,0.0,0.0,0.0,0.0,-4459550.329999998
2000-05,Taylorsville,34166077.99,4.85,1.35,0.0,0.0,0.55,0.25,0.0,0.0,0.0,0.0,0.0,0.0,0.0,24013070.450000003
2000-05,West Valley City,98175970.44,4.85,1.35,0.0,0.0,0.55,0.25,0.0,0.14999999999999947,0.0,0.0,0.0,0.0,0.0,-204929901.86000013
2000-05,Woods Cross,11440297.03,4.85,1.35,0.0,0.0,0.55,0.25,0.0,0.0,0.0,0.0,0.0,0.0,0.0,-75553694.5
2000-06,Bountiful,25145206.240000002,4.85,1.35,0.0,0.0,0.55,0.25,0.0,0.0,0.0,0.0,0.0,0.0,0.0,-10971979.57
2000-06,Holladay,12387839.37,4.85,1.35,0.0,0.0,0.55,0.25,0.0,0.0,0.0,0.0,0.0,0.0,0.0,-88159050.49999999
2000-06,Murray,107695091.99,4.85,1.35,0.0,0.0,0.55,0.25,0.0,0.0,0.0,0.0,0.0,0.0,0.0,95847408.21
2000-06,North Salt Lake,10044957.41,4.85,1.35,0.0,0.0,0.55,0.25,0.0,0.0,0.0,0.0,0.0,0.0,0.0,-15158561.59
2000-06,Salt Lake City,310631189.17,4.7,1.35,0.0,0.0,0.55,0.25,0.0,-0.14999999999999947,0.0,0.0,0.0,0.0,0.0,299592649.74
2000-06,South Salt Lake,96541464.25,4.85,1.35,0.0,0.0,0.55,0.25,0.0,0.0,0.0,0.0,0.0,0.0,0.0,-5957888.810000002
2000-06,Taylorsville,35870613.57,4.85,1.35,0.0,0.0,0.55,0.25,0.0,0.0,0.0,0.0,0.0,0.0,0.0,26098237.98
2000-06,West Valley City,104212294.4200001,4.85,1.35,0.0,0.0,0.55,0.25,0.0,0.14999999999999947,0.0,0.0,0.0,0.0,0.0,-210154247.8999999
2000-06,Woods Cross,12918425.389999999,4.85,1.35,0.0,0.0,0.55,0.25,0.0,0.0,0.0,0.0,0.0,0.0,0.0,-81344480.49
2000-07,Bountiful,24672845.98,4.85,1.35,0.0,0.0,0.55,0.25,0.0,0.0,0.0,0.0,0.0,0.0,0.0,-9493232.010000002
2000-07,Holladay,11173937.61,4.85,1.35,0.0,0.0,0.55,0.25,0.0,0.0,0.0,0.0,0.0,0.0,0.0,-87002032.83
2000-07,Murray,111754654.55000001,4.85,1.35,0.0,0.0,0.55,0.25,0.0,0.0,0.0,0.0,0.0,0.0,0.0,100314357.52000001
2000-07,North Salt Lake,9189011.82,4.85,1.35,0.0,0.0,0.55,0.25,0.0,0.0,0.0,0.0,0.0,0.0,0.0,-15956194.420000002
2000-07,Salt Lake City,327388056.31,4.7,1.35,0.0,0.0,0.55,0.25,0.0,-0.14999999999999947,0.0,0.0,0.0,0.0,0.0,315000216.94
2000-07,South Salt Lake,95783941.57,4.85,1.35,0.0,0.0,0.55,0.25,0.0,0.0,0.0,0.0,0.0,0.0,0.0,-11911150.420000002
2000-07,Taylorsville,38452783.99,4.85,1.35,0.0,0.0,0.55,0.25,0.0,0.0,0.0,0.0,0.0,0.0,0.0,28407826.580000002
2000-07,West Valley City,101666765.83,4.85,1.35,0.0,0.0,0.55,0.25,0.0,0.14999999999999947,0.0,0.0,0.0,0.0,0.0,-208964423.34000003
2000-07,Woods Cross,14362894.530000001,4.85,1.35,0.0,0.0,0.55,0.25,0.0,0.0,0.0,0.0,0.0,0.0,0.0,-82178569.72
2000-08,Bountiful,26165094.080000002,4.85,1.35,0.0,0.0,0.55,0.25,0.0,0.0,0.0,0.0,0.0,0.0,0.0,-9705519.489999998
2000-08,Holladay,12855297.069999998,4.85,1.35,0.0,0.0,0.55,0.25,0.0,0.0,0.0,0.0,0.0,0.0,0.0,-91356997.35000011
2000-08,Murray,110033976.31,4.85,1.35,0.0,0.0,0.55,0.25,0.0,0.0,0.0,0.0,0.0,0.0,0.0,97115550.92
2000-08,North Salt Lake,8609873.86,4.85,1.35,0.0,0.0,0.55,0.25,0.0,0.0,0.0,0.0,0.0,0.0,0.0,-16062972.120000001
2000-08,Salt Lake City,325073527.95,4.7,1.35,0.0,0.0,0.55,0.25,0.0,-0.14999999999999947,0.0,0.0,0.0,0.0,0.0,313899590.34
2000-08,South Salt Lake,110375143.75,4.85,1.35,0.0,0.0,0.55,0.25,0.0,0.0,0.0,0.0,0.0,0.0,0.0,-1379510.800000012
2000-08,Taylorsville,35485416.32,4.85,1.35,0.0,0.0,0.55,0.25,0.0,0.0,0.0,0.0,0.0,0.0,0.0,26296404.5
2000-08,West Valley City,102676001.08999999,4.85,1.35,0.0,0.0,0.55,0.25,0.0,0.14999999999999947,0.0,0.0,0.0,0.0,0.0,-224712055.22000003
2000-08,Woods Cross,12863547.84,4.85,1.35,0.0,0.0,0.55,0.25,0.0,0.0,0.0,0.0,0.0,0.0,0.0,-82920393.72999999
2000-09,Bountiful,24937332.01,4.85,1.35,0.0,0.0,0.55,0.25,0.0,0.0,0.0,0.0,0.0,0.0,0.0,-13515451.98
2000-09,Holladay,12751789.42,4.85,1.35,0.0,0.0,0.55,0.25,0.0,0.0,0.0,0.0,0.0,0.0,0.0,-88914976.41
2000-09,Murray,104397996.04586208,4.85,1.35,0.0,0.0,0.55,0.25,0.0,0.0,0.0,0.0,0.0,0.0,0.0,90035101.51586208
2000-09,North Salt Lake,7552194.63,4.85,1.35,0.0,0.0,0.55,0.25,0.0,0.0,0.0,0.0,0.0,0.0,0.0,-18612899.450000003
2000-09,Salt Lake City,298273902.3475862,4.7,1.35,0.0,0.0,0.55,0.25,0.0,-0.14999999999999947,0.0,0.0,0.0,0.0,0.0,285418605.2775862
2000-09,South Salt Lake,92976825.18,4.85,1.35,0.0,0.0,0.55,0.25,0.0,0.0,0.0,0.0,0.0,0.0,0.0,-17057151.129999995
2000-09,Taylorsville,34879050.58,4.85,1.35,0.0,0.0,0.55,0.25,0.0,0.0,0.0,0.0,0.0,0.0,0.0,26269176.72
2000-09,West Valley City,98267343.69,4.85,1.35,0.0,0.0,0.55,0.25,0.0,0.14999999999999947,0.0,0.0,0.0,0.0,0.0,-226806184.26
2000-09,Woods Cross,12808576.43,4.85,1.35,0.0,0.0,0.55,0.25,0.0,0.0,0.0,0.0,0.0,0.0,0.0,-97566567.32
2000-10,Bountiful,22898911.85,4.85,1.35,0.0,0.0,0.55,0.25,0.0,0.0,0.0,0.0,0.0,0.0,0.0,-12586504.469999999
2000-10,Holladay,11360450.64,4.85,1.35,0.0,0.0,0.55,0.25,0.0,0.0,0.0,0.0,0.0,0.0,0.0,-91315550.44999999
2000-10,Murray,92293564.73,4.85,1.35,0.0,0.0,0.55,0.25,0.0,0.0,0.0,0.0,0.0,0.0,0.0,79430016.89
2000-10,North Salt Lake,2861441.67,4.85,1.35,0.0,0.0,0.55,0.25,0.0,0.0,0.0,0.0,0.0,0.0,0.0,-22075890.340000004
2000-10,Salt Lake City,302256270.66,4.7,1.35,0.0,0.0,0.55,0.25,0.0,-0.14999999999999947,0.0,0.0,0.0,0.0,0.0,289504481.24
2000-10,South Salt Lake,93312741.19,4.85,1.35,0.0,0.0,0.55,0.25,0.0,0.0,0.0,0.0,0.0,0.0,0.0,-11085254.855862081
2000-10,Taylorsville,34565333.62,4.85,1.35,0.0,0.0,0.55,0.25,0.0,0.0,0.0,0.0,0.0,0.0,0.0,27013138.99
2000-10,West Valley City,102385910.62,4.85,1.35,0.0,0.0,0.55,0.25,0.0,0.14999999999999947,0.0,0.0,0.0,0.0,0.0,-195887991.7275862
2000-10,Woods Cross,11055735.690000001,4.85,1.35,0.0,0.0,0.55,0.25,0.0,0.0,0.0,0.0,0.0,0.0,0.0,-81921089.49000001
2000-11,Bountiful,22492739.97,4.85,1.35,0.0,0.0,0.55,0.25,0.0,0.0,0.0,0.0,0.0,0.0,0.0,-12386310.61
2000-11,Holladay,13784170.56,4.85,1.35,0.0,0.0,0.55,0.25,0.0,0.0,0.0,0.0,0.0,0.0,0.0,-84483173.13
2000-11,Murray,102372573.8900001,4.85,1.35,0.0,0.0,0.55,0.25,0.0,0.0,0.0,0.0,0.0,0.0,0.0,89563997.4600001
2000-11,North Salt Lake,6967867.03,4.85,1.35,0.0,0.0,0.55,0.25,0.0,0.0,0.0,0.0,0.0,0.0,0.0,-15931044.82
2000-11,Salt Lake City,304923052.82,4.7,1.35,0.0,0.0,0.55,0.25,0.0,-0.14999999999999947,0.0,0.0,0.0,0.0,0.0,293562602.18
2000-11,South Salt Lake,80843553.06,4.85,1.35,0.0,0.0,0.55,0.25,0.0,0.0,0.0,0.0,0.0,0.0,0.0,-11450011.670000002
2000-11,Taylorsville,38671473.64,4.85,1.35,0.0,0.0,0.55,0.25,0.0,0.0,0.0,0.0,0.0,0.0,0.0,35810031.97
2000-11,West Valley City,94517130.99,4.85,1.35,0.0,0.0,0.55,0.25,0.0,0.14999999999999947,0.0,0.0,0.0,0.0,0.0,-207739139.67000002
2000-11,Woods Cross,12244984.43,4.85,1.35,0.0,0.0,0.55,0.25,0.0,0.0,0.0,0.0,0.0,0.0,0.0,-81067756.75999999
2000-12,Bountiful,25682219.060000002,4.85,1.35,0.0,0.0,0.55,0.25,0.0,0.0,0.0,0.0,0.0,0.0,0.0,-8883114.559999995
2000-12,Holladay,23343879.53,4.85,1.35,0.0,0.0,0.55,0.25,0.0,0.0,0.0,0.0,0.0,0.0,0.0,-79042031.09
2000-12,Murray,134452745.26,4.85,1.35,0.0,0.0,0.55,0.25,0.0,0.0,0.0,0.0,0.0,0.0,0.0,123397009.57
2000-12,North Salt Lake,825955.3399999999,4.85,1.35,0.0,0.0,0.55,0.25,0.0,0.0,0.0,0.0,0.0,0.0,0.0,-21666784.63
2000-12,Salt Lake City,359162572.4699999,4.7,1.35,0.0,0.0,0.55,0.25,0.0,-0.14999999999999947,0.0,0.0,0.0,0.0,0.0,345378401.9099999
2000-12,South Salt Lake,88317730.75,4.85,1.35,0.0,0.0,0.55,0.25,0.0,0.0,0.0,0.0,0.0,0.0,0.0,-14054843.140000105
2000-12,Taylorsville,51514376.760000005,4.85,1.35,0.0,0.0,0.55,0.25,0.0,0.0,0.0,0.0,0.0,0.0,0.0,44546509.730000004
2000-12,West Valley City,112470882.69,4.85,1.35,0.0,0.0,0.55,0.25,0.0,0.14999999999999947,0.0,0.0,0.0,0.0,0.0,-192452170.13
2000-12,Woods Cross,13556287.07,4.85,1.35,0.0,0.0,0.55,0.25,0.0,0.0,0.0,0.0,0.0,0.0,0.0,-67287265.99000001
2001-01,Bountiful,22337095.43,4.85,1.35,0.0,0.0,0.55,0.25,0.0,0.0,0.0,0.0,0.0,0.0,0.0,-16334378.21
2001-01,Holladay,11276758.88,4.85,1.35,0.0,0.0,0.55,0.25,0.0,0.0,0.0,0.0,0.0,0.0,0.0,-83240372.11
2001-01,Murray,89209382.8,4.85,1.35,0.0,0.0,0.55,0.25,0.0,0.0,0.0,0.0,0.0,0.0,0.0,76964398.37
2001-01,North Salt Lake,9494575.08,4.85,1.35,0.0,0.0,0.55,0.25,0.0,0.0,0.0,0.0,0.0,0.0,0.0,-16187643.980000002
2001-01,Salt Lake City,304587527.2,4.7,1.35,0.0,0.0,0.55,0.25,0.0,-0.14999999999999947,0.0,0.0,0.0,0.0,0.0,281243647.66999996
2001-01,South Salt Lake,74540121.53,4.85,1.35,0.0,0.0,0.55,0.25,0.0,0.0,0.0,0.0,0.0,0.0,0.0,-59912623.72999999
2001-01,Taylorsville,32425070.130000003,4.85,1.35,0.0,0.0,0.55,0.25,0.0,0.0,0.0,0.0,0.0,0.0,0.0,31599114.790000003
2001-01,West Valley City,91565098.46,4.85,1.35,0.0,0.0,0.55,0.25,0.0,0.14999999999999947,0.0,0.0,0.0,0.0,0.0,-267597474.00999993
2001-01,Woods Cross,11441272.74,4.85,1.35,0.0,0.0,0.55,0.25,0.0,0.0,0.0,0.0,0.0,0.0,0.0,-76876458.01
2001-02,Bountiful,23970985.64,4.85,1.35,0.0,0.0,0.55,0.25,0.0,0.0,0.0,0.0,0.0,0.0,0.0,-27543391.120000005
2001-02,Holladay,11008902.32,4.85,1.35,0.0,0.0,0.55,0.25,0.0,0.0,0.0,0.0,0.0,0.0,0.0,-101461980.37
2001-02,Murray,86450819.49,4.85,1.35,0.0,0.0,0.55,0.25,0.0,0.0,0.0,0.0,0.0,0.0,0.0,72894532.41999999
2001-02,North Salt Lake,5995215.18,4.85,1.35,0.0,0.0,0.55,0.25,0.0,0.0,0.0,0.0,0.0,0.0,0.0,-16341880.25
2001-02,Salt Lake City,296757699.31,4.7,1.35,0.0,0.0,0.55,0.25,0.0,-0.14999999999999947,0.0,0.0,0.0,0.0,0.0,285480940.43
2001-02,South Salt Lake,75145329.78999999,4.85,1.35,0.0,0.0,0.55,0.25,0.0,0.0,0.0,0.0,0.0,0.0,0.0,-14064053.010000005
2001-02,Taylorsville,29821010.669999998,4.85,1.35,0.0,0.0,0.55,0.25,0.0,0.0,0.0,0.0,0.0,0.0,0.0,20326435.589999996
2001-02,West Valley City,88374404.92,4.85,1.35,0.0,0.0,0.55,0.25,0.0,0.14999999999999947,0.0,0.0,0.0,0.0,0.0,-216213122.27999997
2001-02,Woods Cross,10370371.93,4.85,1.35,0.0,0.0,0.55,0.25,0.0,0.0,0.0,0.0,0.0,0.0,0.0,-64169749.6
2001-03,Bountiful,24337515.27,4.85,1.35,0.0,0.0,0.55,0.25,0.0,0.0,0.0,0.0,0.0,0.0,0.0,-8087554.860000003
2001-03,Holladay,13094489.459999999,4.85,1.35,0.0,0.0,0.55,0.25,0.0,0.0,0.0,0.0,0.0,0.0,0.0,-78470609.0
2001-03,Murray,106244614.75,4.85,1.35,0.0,0.0,0.55,0.25,0.0,0.0,0.0,0.0,0.0,0.0,0.0,94803342.01
2001-03,North Salt Lake,8798549.18,4.85,1.35,0.0,0.0,0.55,0.25,0.0,0.0,0.0,0.0,0.0,0.0,0.0,-15172436.46
2001-03,Salt Lake City,350321414.7399999,4.7,1.35,0.0,0.0,0.55,0.25,0.0,-0.14999999999999947,0.0,0.0,0.0,0.0,0.0,339312512.4199999
2001-03,South Salt Lake,92037586.91999999,4.85,1.35,0.0,0.0,0.55,0.25,0.0,0.0,0.0,0.0,0.0,0.0,0.0,5586767.429999992
2001-03,Taylorsville,33240410.64,4.85,1.35,0.0,0.0,0.55,0.25,0.0,0.0,0.0,0.0,0.0,0.0,0.0,27245195.46
2001-03,West Valley City,94286812.66714287,4.85,1.35,0.0,0.0,0.55,0.25,0.0,0.14999999999999947,0.0,0.0,0.0,0.0,0.0,-202470886.64285713
2001-03,Woods Cross,13768888.47,4.85,1.35,0.0,0.0,0.55,0.25,0.0,0.0,0.0,0.0,0.0,0.0,0.0,-61376441.31999999
2001-04,Bountiful,23476780.57,4.85,1.35,0.0,0.0,0.55,0.25,0.0,0.0,0.0,0.0,0.0,0.0,0.0,-6344230.099999998
2001-04,Holladay,11766711.319999998,4.85,1.35,0.0,0.0,0.55,0.25,0.0,0.0,0.0,0.0,0.0,0.0,0.0,-76607693.60000001
2001-04,Murray,97685725.32,4.85,1.35,0.0,0.0,0.55,0.25,0.0,0.0,0.0,0.0,0.0,0.0,0.0,87315353.38999999
2001-04,North Salt Lake,8156200.82,4.85,1.35,0.0,0.0,0.55,0.25,0.0,0.0,0.0,0.0,0.0,0.0,0.0,-16181314.45
2001-04,Salt Lake City,298434750.39,4.7,1.35,0.0,0.0,0.55,0.25,0.0,-0.14999999999999947,0.0,0.0,0.0,0.0,0.0,285340260.93
2001-04,South Salt Lake,80424694.95,4.85,1.35,0.0,0.0,0.55,0.25,0.0,0.0,0.0,0.0,0.0,0.0,0.0,-25819919.799999997
2001-04,Taylorsville,35091609.05,4.85,1.35,0.0,0.0,0.55,0.25,0.0,0.0,0.0,0.0,0.0,0.0,0.0,26293059.869999997
2001-04,West Valley City,94047824.0,4.85,1.35,0.0,0.0,0.55,0.25,0.0,0.14999999999999947,0.0,0.0,0.0,0.0,0.0,-256273590.7399999
2001-04,Woods Cross,12523832.02000001,4.85,1.35,0.0,0.0,0.55,0.25,0.0,0.0,0.0,0.0,0.0,0.0,0.0,-79513754.89999998
2001-05,Bountiful,27165689.96,4.85,1.35,0.0,0.0,0.55,0.25,0.0,0.0,0.0,0.0,0.0,0.0,0.0,-6074720.68
2001-05,Holladay,12508031.94,4.85,1.35,0.0,0.0,0.55,0.25,0.0,0.0,0.0,0.0,0.0,0.0,0.0,-81778780.72714287
2001-05,Murray,104301203.5200001,4.85,1.35,0.0,0.0,0.55,0.25,0.0,0.0,0.0,0.0,0.0,0.0,0.0,90532315.0500001
2001-05,North Salt Lake,8711026.75,4.85,1.35,0.0,0.0,0.55,0.25,0.0,0.0,0.0,0.0,0.0,0.0,0.0,-14765753.82
2001-05,Salt Lake City,314961720.23,4.7,1.35,0.0,0.0,0.55,0.25,0.0,-0.14999999999999947,0.0,0.0,0.0,0.0,0.0,303195008.91
2001-05,South Salt Lake,94757654.69,4.85,1.35,0.0,0.0,0.55,0.25,0.0,0.0,0.0,0.0,0.0,0.0,0.0,-2928070.629999995
2001-05,Taylorsville,34664884.99,4.85,1.35,0.0,0.0,0.55,0.25,0.0,0.0,0.0,0.0,0.0,0.0,0.0,26508684.17
2001-05,West Valley City,97175799.88,4.85,1.35,0.0,0.0,0.55,0.25,0.0,0.14999999999999947,0.0,0.0,0.0,0.0,0.0,-201258950.51
2001-05,Woods Cross,15772526.010000002,4.85,1.35,0.0,0.0,0.55,0.25,0.0,0.0,0.0,0.0,0.0,0.0,0.0,-64652168.94
2001-06,Bountiful,25330308.79,4.85,1.35,0.0,0.0,0.55,0.25,0.0,0.0,0.0,0.0,0.0,0.0,0.0,-9761300.259999998
2001-06,Holladay,13060182.16,4.85,1.35,0.0,0.0,0.55,0.25,0.0,0.0,0.0,0.0,0.0,0.0,0.0,-80987641.84
2001-06,Murray,107412084.50999999,4.85,1.35,0.0,0.0,0.55,0.25,0.0,0.0,0.0,0.0,0.0,0.0,0.0,94888252.48999998
2001-06,North Salt Lake,11449327.12,4.85,1.35,0.0,0.0,0.55,0.25,0.0,0.0,0.0,0.0,0.0,0.0,0.0,-15716362.840000002
2001-06,Salt Lake City,318316195.3300001,4.7,1.35,0.0,0.0,0.55,0.25,0.0,-0.14999999999999947,0.0,0.0,0.0,0.0,0.0,305808163.3900001
2001-06,South Salt Lake,96574211.69,4.85,1.35,0.0,0.0,0.55,0.25,0.0,0.0,0.0,0.0,0.0,0.0,0.0,-7726991.8300001025
2001-06,Taylorsville,35624076.64,4.85,1.35,0.0,0.0,0.55,0.25,0.0,0.0,0.0,0.0,0.0,0.0,0.0,26913049.89
2001-06,West Valley City,99611210.10000001,4.85,1.35,0.0,0.0,0.55,0.25,0.0,0.14999999999999947,0.0,0.0,0.0,0.0,0.0,-215350510.13
2001-06,Woods Cross,14753655.290000001,4.85,1.35,0.0,0.0,0.55,0.25,0.0,0.0,0.0,0.0,0.0,0.0,0.0,-80003999.39999999
2001-07,Bountiful,26079342.93,4.85,1.35,0.0,0.0,0.55,0.25,0.0,0.0,0.0,0.0,0.0,0.0,0.0,-8585542.060000002
2001-07,Holladay,11933260.74,4.85,1.35,0.0,0.0,0.55,0.25,0.0,0.0,0.0,0.0,0.0,0.0,0.0,-85242539.14
2001-07,Murray,106310023.88999999,4.85,1.35,0.0,0.0,0.55,0.25,0.0,0.0,0.0,0.0,0.0,0.0,0.0,90537497.87999998
2001-07,North Salt Lake,11672905.809999999,4.85,1.35,0.0,0.0,0.55,0.25,0.0,0.0,0.0,0.0,0.0,0.0,0.0,-13657402.98
2001-07,Salt Lake City,309512833.58,4.7,1.35,0.0,0.0,0.55,0.25,0.0,-0.14999999999999947,0.0,0.0,0.0,0.0,0.0,296452651.41999996
2001-07,South Salt Lake,90833723.27,4.85,1.35,0.0,0.0,0.55,0.25,0.0,0.0,0.0,0.0,0.0,0.0,0.0,-16578361.239999995
2001-07,Taylorsville,34577240.53,4.85,1.35,0.0,0.0,0.55,0.25,0.0,0.0,0.0,0.0,0.0,0.0,0.0,23127913.410000004
2001-07,West Valley City,100111886.8700001,4.85,1.35,0.0,0.0,0.55,0.25,0.0,0.14999999999999947,0.0,0.0,0.0,0.0,0.0,-218204308.46
2001-07,Woods Cross,14701386.33,4.85,1.35,0.0,0.0,0.55,0.25,0.0,0.0,0.0,0.0,0.0,0.0,0.0,-81872825.36
2001-08,Bountiful,27439222.51,4.85,1.35,0.0,0.0,0.55,0.25,0.0,0.0,0.0,0.0,0.0,0.0,0.0,-8184854.129999999
2001-08,Holladay,13609516.639999999,4.85,1.35,0.0,0.0,0.55,0.25,0.0,0.0,0.0,0.0,0.0,0.0,0.0,-86001693.46000001
2001-08,Murray,110506470.6,4.85,1.35,0.0,0.0,0.55,0.25,0.0,0.0,0.0,0.0,0.0,0.0,0.0,95752815.30999999
2001-08,North Salt Lake,10614154.33,4.85,1.35,0.0,0.0,0.55,0.25,0.0,0.0,0.0,0.0,0.0,0.0,0.0,-15465188.6
2001-08,Salt Lake City,326116854.75,4.7,1.35,0.0,0.0,0.55,0.25,0.0,-0.14999999999999947,0.0,0.0,0.0,0.0,0.0,314183594.01
2001-08,South Salt Lake,97776361.23,4.85,1.35,0.0,0.0,0.55,0.25,0.0,0.0,0.0,0.0,0.0,0.0,0.0,-8533662.659999982
2001-08,Taylorsville,34856464.620000005,4.85,1.35,0.0,0.0,0.55,0.25,0.0,0.0,0.0,0.0,0.0,0.0,0.0,23183558.810000006
2001-08,West Valley City,106580656.39,4.85,1.35,0.0,0.0,0.55,0.25,0.0,0.14999999999999947,0.0,0.0,0.0,0.0,0.0,-202932177.19
2001-08,Woods Cross,14769435.860000001,4.85,1.35,0.0,0.0,0.55,0.25,0.0,0.0,0.0,0.0,0.0,0.0,0.0,-76064287.41
2001-09,Bountiful,23342013.98,4.85,1.35,0.0,0.0,0.55,0.25,0.0,0.0,0.0,0.0,0.0,0.0,0.0,-11235226.55
2001-09,Holladay,11326566.38,4.85,1.35,0.0,0.0,0.55,0.25,0.0,0.0,0.0,0.0,0.0,0.0,0.0,-88785320.4900001
2001-09,Murray,94686615.53,4.85,1.35,0.0,0.0,0.55,0.25,0.0,0.0,0.0,0.0,0.0,0.0,0.0,79985229.2
2001-09,North Salt Lake,10431771.88,4.85,1.35,0.0,0.0,0.55,0.25,0.0,0.0,0.0,0.0,0.0,0.0,0.0,-17007450.630000003
2001-09,Salt Lake City,294249298.06999993,4.7,1.35,0.0,0.0,0.55,0.25,0.0,-0.14999999999999947,0.0,0.0,0.0,0.0,0.0,280639781.42999995
2001-09,South Salt Lake,88401615.8,4.85,1.35,0.0,0.0,0.55,0.25,0.0,0.0,0.0,0.0,0.0,0.0,0.0,-22104854.799999997
2001-09,Taylorsville,32340367.07,4.85,1.35,0.0,0.0,0.55,0.25,0.0,0.0,0.0,0.0,0.0,0.0,0.0,21726212.740000002
2001-09,West Valley City,94412605.45,4.85,1.35,0.0,0.0,0.55,0.25,0.0,0.14999999999999947,0.0,0.0,0.0,0.0,0.0,-231704249.3
2001-09,Woods Cross,12930856.229999999,4.85,1.35,0.0,0.0,0.55,0.25,0.0,0.0,0.0,0.0,0.0,0.0,0.0,-84845505.0
2001-10,Bountiful,26916516.48,4.85,1.35,0.0,0.0,0.55,0.25,0.0,0.0,0.0,0.0,0.0,0.0,0.0,-7939948.140000004
2001-10,Holladay,12905470.469999999,4.85,1.35,0.0,0.0,0.55,0.25,0.0,0.0,0.0,0.0,0.0,0.0,0.0,-93675185.92
2001-10,Murray,105047914.6600001,4.85,1.35,0.0,0.0,0.55,0.25,0.0,0.0,0.0,0.0,0.0,0.0,0.0,90278478.8000001
2001-10,North Salt Lake,12353800.0,4.85,1.35,0.0,0.0,0.55,0.25,0.0,0.0,0.0,0.0,0.0,0.0,0.0,-10988213.98
2001-10,Salt Lake City,299753345.7999999,4.7,1.35,0.0,0.0,0.55,0.25,0.0,-0.14999999999999947,0.0,0.0,0.0,0.0,0.0,288426779.4199999
2001-10,South Salt Lake,96783842.9,4.85,1.35,0.0,0.0,0.55,0.25,0.0,0.0,0.0,0.0,0.0,0.0,0.0,2097227.370000005
2001-10,Taylorsville,32315275.86,4.85,1.35,0.0,0.0,0.55,0.25,0.0,0.0,0.0,0.0,0.0,0.0,0.0,21883503.979999997
2001-10,West Valley City,101973374.0,4.85,1.35,0.0,0.0,0.55,0.25,0.0,0.14999999999999947,0.0,0.0,0.0,0.0,0.0,-192275924.06999993
2001-10,Woods Cross,16139296.52,4.85,1.35,0.0,0.0,0.55,0.25,0.0,0.0,0.0,0.0,0.0,0.0,0.0,-72262319.28
2001-11,Bountiful,22763720.08,4.85,1.35,0.0,0.0,0.55,0.25,0.0,0.0,0.0,0.0,0.0,0.0,0.0,-9576646.990000002
2001-11,Holladay,14548283.65,4.85,1.35,0.0,0.0,0.55,0.25,0.0,0.0,0.0,0.0,0.0,0.0,0.0,-79864321.8
2001-11,Murray,101692893.38000001,4.85,1.35,0.0,0.0,0.55,0.25,0.0,0.0,0.0,0.0,0.0,0.0,0.0,88762037.15
2001-11,North Salt Lake,8604657.459999999,4.85,1.35,0.0,0.0,0.55,0.25,0.0,0.0,0.0,0.0,0.0,0.0,0.0,-18311859.020000003
2001-11,Salt Lake City,273048852.91,4.7,1.35,0.0,0.0,0.55,0.25,0.0,-0.14999999999999947,0.0,0.0,0.0,0.0,0.0,260143382.44000003
2001-11,South Salt Lake,92918170.46,4.85,1.35,0.0,0.0,0.55,0.25,0.0,0.0,0.0,0.0,0.0,0.0,0.0,-12129744.200000107
2001-11,Taylorsville,35537097.54,4.85,1.35,0.0,0.0,0.55,0.25,0.0,0.0,0.0,0.0,0.0,0.0,0.0,23183297.54
2001-11,West Valley City,90370180.69,4.85,1.35,0.0,0.0,0.55,0.25,0.0,0.14999999999999947,0.0,0.0,0.0,0.0,0.0,-209383165.1099999
2001-11,Woods Cross,15808670.780000001,4.85,1.35,0.0,0.0,0.55,0.25,0.0,0.0,0.0,0.0,0.0,0.0,0.0,-80975172.12
2001-12,Bountiful,27753479.26,4.85,1.35,0.0,0.0,0.55,0.25,0.0,0.0,0.0,0.0,0.0,0.0,0.0,-4561796.599999998
2001-12,Holladay,23116034.71,4.85,1.35,0.0,0.0,0.55,0.25,0.0,0.0,0.0,0.0,0.0,0.0,0.0,-78857339.28999999
2001-12,Murray,133466809.91000001,4.85,1.35,0.0,0.0,0.55,0.25,0.0,0.0,0.0,0.0,0.0,0.0,0.0,117327513.39000002
2001-12,North Salt Lake,9125147.92,4.85,1.35,0.0,0.0,0.55,0.25,0.0,0.0,0.0,0.0,0.0,0.0,0.0,-13638572.159999998
2001-12,Salt Lake City,344644344.1300001,4.7,1.35,0.0,0.0,0.55,0.25,0.0,-0.14999999999999947,0.0,0.0,0.0,0.0,0.0,330096060.48000014
2001-12,South Salt Lake,89578807.62,4.85,1.35,0.0,0.0,0.55,0.25,0.0,0.0,0.0,0.0,0.0,0.0,0.0,-12114085.760000005
2001-12,Taylorsville,48929395.65,4.85,1.35,0.0,0.0,0.55,0.25,0.0,0.0,0.0,0.0,0.0,0.0,0.0,40324738.19
2001-12,West Valley City,108009060.2400001,4.85,1.35,0.0,0.0,0.55,0.25,0.0,0.14999999999999947,0.0,0.0,0.0,0.0,0.0,-165039792.66999993
2001-12,Woods Cross,14322287.940000001,4.85,1.35,0.0,0.0,0.55,0.25,0.0,0.0,0.0,0.0,0.0,0.0,0.0,-78595882.52
2002-01,Bountiful,22335137.74,4.85,1.35,0.0,0.0,0.55,0.25,0.0,0.0,0.0,0.0,0.0,0.0,0.0,-13201959.8
2002-01,Holladay,11030544.52,4.85,1.35,0.0,0.0,0.55,0.25,0.0,0.0,0.0,0.0,0.0,0.0,0.0,-79339636.17
2002-01,Murray,86379392.13000001,4.85,1.35,0.0,0.0,0.55,0.25,0.0,0.0,0.0,0.0,0.0,0.0,0.0,70570721.35000001
2002-01,North Salt Lake,8012389.27,4.85,1.35,0.0,0.0,0.55,0.25,0.0,0.0,0.0,0.0,0.0,0.0,0.0,-19741089.990000002
2002-01,Salt Lake City,291844047.04,4.7,1.35,0.0,0.0,0.55,0.25,0.0,-0.14999999999999947,0.0,0.0,0.0,0.0,0.0,268728012.33000004
2002-01,South Salt Lake,80043877.55,4.85,1.35,0.0,0.0,0.55,0.25,0.0,0.0,0.0,0.0,0.0,0.0,0.0,-53422932.360000014
2002-01,Taylorsville,32689074.43000001,4.85,1.35,0.0,0.0,0.55,0.25,0.0,0.0,0.0,0.0,0.0,0.0,0.0,23563926.510000013
2002-01,West Valley City,82029603.04,4.85,1.35,0.0,0.0,0.55,0.25,0.0,0.14999999999999947,0.0,0.0,0.0,0.0,0.0,-262614741.0900001
2002-01,Woods Cross,11489516.42,4.85,1.35,0.0,0.0,0.55,0.25,0.0,0.0,0.0,0.0,0.0,0.0,0.0,-78089291.2
2002-02,Bountiful,23529974.14,4.85,1.35,0.0,0.0,0.55,0.25,0.0,0.0,0.0,0.0,0.0,0.0,0.0,-25399421.509999998
2002-02,Holladay,11191218.66,4.85,1.35,0.0,0.0,0.55,0.25,0.0,0.0,0.0,0.0,0.0,0.0,0.0,-96817841.5800001
2002-02,Murray,85054954.37,4.85,1.35,0.0,0.0,0.55,0.25,0.0,0.0,0.0,0.0,0.0,0.0,0.0,70732666.43
2002-02,North Salt Lake,6911071.57,4.85,1.35,0.0,0.0,0.55,0.25,0.0,0.0,0.0,0.0,0.0,0.0,0.0,-15424066.169999998
2002-02,Salt Lake City,334378256.01,4.7,1.35,0.0,0.0,0.55,0.25,0.0,-0.14999999999999947,0.0,0.0,0.0,0.0,0.0,323347711.49
2002-02,South Salt Lake,74556519.57,4.85,1.35,0.0,0.0,0.55,0.25,0.0,0.0,0.0,0.0,0.0,0.0,0.0,-11822872.560000017
2002-02,Taylorsville,28527725.880000003,4.85,1.35,0.0,0.0,0.55,0.25,0.0,0.0,0.0,0.0,0.0,0.0,0.0,20515336.610000003
2002-02,West Valley City,82818179.74,4.85,1.35,0.0,0.0,0.55,0.25,0.0,0.14999999999999947,0.0,0.0,0.0,0.0,0.0,-209025867.3
2002-02,Woods Cross,13456565.7,4.85,1.35,0.0,0.0,0.55,0.25,0.0,0.0,0.0,0.0,0.0,0.0,0.0,-66587311.849999994
2002-03,Bountiful,25446109.68,4.85,1.35,0.0,0.0,0.55,0.25,0.0,0.0,0.0,0.0,0.0,0.0,0.0,-7242964.750000011
2002-03,Holladay,12665340.3,4.85,1.35,0.0,0.0,0.55,0.25,0.0,0.0,0.0,0.0,0.0,0.0,0.0,-69364262.74000001
2002-03,Murray,99573530.23,4.85,1.35,0.0,0.0,0.55,0.25,0.0,0.0,0.0,0.0,0.0,0.0,0.0,88084013.81
2002-03,North Salt Lake,8246770.35,4.85,1.35,0.0,0.0,0.55,0.25,0.0,0.0,0.0,0.0,0.0,0.0,0.0,-15283203.790000001
2002-03,Salt Lake City,303830120.67,4.7,1.35,0.0,0.0,0.55,0.25,0.0,-0.14999999999999947,0.0,0.0,0.0,0.0,0.0,292638902.01
2002-03,South Salt Lake,78774980.05,4.85,1.35,0.0,0.0,0.55,0.25,0.0,0.0,0.0,0.0,0.0,0.0,0.0,-6279974.320000008
2002-03,Taylorsville,30730682.84,4.85,1.35,0.0,0.0,0.55,0.25,0.0,0.0,0.0,0.0,0.0,0.0,0.0,23819611.27
2002-03,West Valley City,169837551.88,4.85,1.35,0.0,0.0,0.55,0.25,0.0,0.14999999999999947,0.0,0.0,0.0,0.0,0.0,-164540704.13
2002-03,Woods Cross,15197327.45,4.85,1.35,0.0,0.0,0.55,0.25,0.0,0.0,0.0,0.0,0.0,0.0,0.0,-59359192.11999999
2002-04,Bountiful,24834567.660000004,4.85,1.35,0.0,0.0,0.55,0.25,0.0,0.0,0.0,0.0,0.0,0.0,0.0,-3693158.219999999
2002-04,Holladay,11762568.68,4.85,1.35,0.0,0.0,0.55,0.25,0.0,0.0,0.0,0.0,0.0,0.0,0.0,-71055611.06
2002-04,Murray,93019776.6,4.85,1.35,0.0,0.0,0.55,0.25,0.0,0.0,0.0,0.0,0.0,0.0,0.0,79563210.89999999
2002-04,North Salt Lake,8688817.899999999,4.85,1.35,0.0,0.0,0.55,0.25,0.0,0.0,0.0,0.0,0.0,0.0,0.0,-16757291.780000001
2002-04,Salt Lake City,303404719.95,4.7,1.35,0.0,0.0,0.55,0.25,0.0,-0.14999999999999947,0.0,0.0,0.0,0.0,0.0,290739379.65
2002-04,South Salt Lake,82939877.86999999,4.85,1.35,0.0,0.0,0.55,0.25,0.0,0.0,0.0,0.0,0.0,0.0,0.0,-16633652.360000014
2002-04,Taylorsville,30088966.650000002,4.85,1.35,0.0,0.0,0.55,0.25,0.0,0.0,0.0,0.0,0.0,0.0,0.0,21842196.300000004
2002-04,West Valley City,93269954.71000001,4.85,1.35,0.0,0.0,0.55,0.25,0.0,0.14999999999999947,0.0,0.0,0.0,0.0,0.0,-210560165.96
2002-04,Woods Cross,13697587.879999999,4.85,1.35,0.0,0.0,0.55,0.25,0.0,0.0,0.0,0.0,0.0,0.0,0.0,-65077392.17
2002-05,Bountiful,26120033.08,4.85,1.35,0.0,0.0,0.55,0.25,0.0,0.0,0.0,0.0,0.0,0.0,0.0,-4610649.760000002
2002-05,Holladay,12385884.459999999,4.85,1.35,0.0,0.0,0.55,0.25,0.0,0.0,0.0,0.0,0.0,0.0,0.0,-157451667.42
2002-05,Murray,96357603.58000001,4.85,1.35,0.0,0.0,0.55,0.25,0.0,0.0,0.0,0.0,0.0,0.0,0.0,81160276.13000001
2002-05,North Salt Lake,9965639.52,4.85,1.35,0.0,0.0,0.55,0.25,0.0,0.0,0.0,0.0,0.0,0.0,0.0,-14868928.140000004
2002-05,Salt Lake City,289511141.4499999,4.7,1.35,0.0,0.0,0.55,0.25,0.0,-0.14999999999999947,0.0,0.0,0.0,0.0,0.0,277748572.7699999
2002-05,South Salt Lake,88213012.52,4.85,1.35,0.0,0.0,0.55,0.25,0.0,0.0,0.0,0.0,0.0,0.0,0.0,-4806764.079999998
2002-05,Taylorsville,31966856.979999997,4.85,1.35,0.0,0.0,0.55,0.25,0.0,0.0,0.0,0.0,0.0,0.0,0.0,23278039.08
2002-05,West Valley City,96925926.31,4.85,1.35,0.0,0.0,0.55,0.25,0.0,0.14999999999999947,0.0,0.0,0.0,0.0,0.0,-206478793.64
2002-05,Woods Cross,14506562.23,4.85,1.35,0.0,0.0,0.55,0.25,0.0,0.0,0.0,0.0,0.0,0.0,0.0,-68433315.63999999
2002-06,Bountiful,23791379.36,4.85,1.35,0.0,0.0,0.55,0.25,0.0,0.0,0.0,0.0,0.0,0.0,0.0,-6297587.290000003
2002-06,Holladay,12592271.13,4.85,1.35,0.0,0.0,0.55,0.25,0.0,0.0,0.0,0.0,0.0,0.0,0.0,-80677683.58000001
2002-06,Murray,99053954.19,4.85,1.35,0.0,0.0,0.55,0.25,0.0,0.0,0.0,0.0,0.0,0.0,0.0,85356366.31
2002-06,North Salt Lake,10217068.44,4.85,1.35,0.0,0.0,0.55,0.25,0.0,0.0,0.0,0.0,0.0,0.0,0.0,-15902964.639999999
2002-06,Salt Lake City,281762805.28,4.7,1.35,0.0,0.0,0.55,0.25,0.0,-0.14999999999999947,0.0,0.0,0.0,0.0,0.0,269376920.82
2002-06,South Salt Lake,83749642.56,4.85,1.35,0.0,0.0,0.55,0.25,0.0,0.0,0.0,0.0,0.0,0.0,0.0,-12607961.02000001
2002-06,Taylorsville,30917703.28,4.85,1.35,0.0,0.0,0.55,0.25,0.0,0.0,0.0,0.0,0.0,0.0,0.0,20952063.76
2002-06,West Valley City,90515723.57,4.85,1.35,0.0,0.0,0.55,0.25,0.0,0.14999999999999947,0.0,0.0,0.0,0.0,0.0,-198995417.87999994
2002-06,Woods Cross,14394596.58,4.85,1.35,0.0,0.0,0.55,0.25,0.0,0.0,0.0,0.0,0.0,0.0,0.0,-73818415.94
2002-07,Bountiful,27417584.34,4.85,1.35,0.0,0.0,0.55,0.25,0.0,0.0,0.0,0.0,0.0,0.0,0.0,-4549272.639999997
2002-07,Holladay,11543701.41,4.85,1.35,0.0,0.0,0.55,0.25,0.0,0.0,0.0,0.0,0.0,0.0,0.0,-85382224.9
2002-07,Murray,101574586.62,4.85,1.35,0.0,0.0,0.55,0.25,0.0,0.0,0.0,0.0,0.0,0.0,0.0,87068024.39
2002-07,North Salt Lake,11128434.549999999,4.85,1.35,0.0,0.0,0.55,0.25,0.0,0.0,0.0,0.0,0.0,0.0,0.0,-12662944.81
2002-07,Salt Lake City,294384597.6300001,4.7,1.35,0.0,0.0,0.55,0.25,0.0,-0.14999999999999947,0.0,0.0,0.0,0.0,0.0,281792326.5000001
2002-07,South Salt Lake,93602201.0,4.85,1.35,0.0,0.0,0.55,0.25,0.0,0.0,0.0,0.0,0.0,0.0,0.0,-5451753.189999998
2002-07,Taylorsville,30061403.950000003,4.85,1.35,0.0,0.0,0.55,0.25,0.0,0.0,0.0,0.0,0.0,0.0,0.0,19844335.510000005
2002-07,West Valley City,90653179.24000001,4.85,1.35,0.0,0.0,0.55,0.25,0.0,0.14999999999999947,0.0,0.0,0.0,0.0,0.0,-191109626.03999996
2002-07,Woods Cross,16116067.12,4.85,1.35,0.0,0.0,0.55,0.25,0.0,0.0,0.0,0.0,0.0,0.0,0.0,-67633575.44
2002-08,Bountiful,29052338.35,4.85,1.35,0.0,0.0,0.55,0.25,0.0,0.0,0.0,0.0,0.0,0.0,0.0,-1865364.9299999997
2002-08,Holladay,13062437.480000002,4.85,1.35,0.0,0.0,0.55,0.25,0.0,0.0,0.0,0.0,0.0,0.0,0.0,-77453286.08999999
2002-08,Murray,102613106.94,4.85,1.35,0.0,0.0,0.55,0.25,0.0,0.0,0.0,0.0,0.0,0.0,0.0,88218510.36
2002-08,North Salt Lake,10859730.2,4.85,1.35,0.0,0.0,0.55,0.25,0.0,0.0,0.0,0.0,0.0,0.0,0.0,-16557854.14
2002-08,Salt Lake City,314409997.83000004,4.7,1.35,0.0,0.0,0.55,0.25,0.0,-0.14999999999999947,0.0,0.0,0.0,0.0,0.0,302866296.42
2002-08,South Salt Lake,91480257.44,4.85,1.35,0.0,0.0,0.55,0.25,0.0,0.0,0.0,0.0,0.0,0.0,0.0,-10094329.180000007
2002-08,Taylorsville,33128905.71,4.85,1.35,0.0,0.0,0.55,0.25,0.0,0.0,0.0,0.0,0.0,0.0,0.0,22000471.160000004
2002-08,West Valley City,93340906.28999999,4.85,1.35,0.0,0.0,0.55,0.25,0.0,0.14999999999999947,0.0,0.0,0.0,0.0,0.0,-201043691.34000012
2002-08,Woods Cross,17542753.05,4.85,1.35,0.0,0.0,0.55,0.25,0.0,0.0,0.0,0.0,0.0,0.0,0.0,-76059447.95
2002-09,Bountiful,24180505.100000005,4.85,1.35,0.0,0.0,0.55,0.25,0.0,0.0,0.0,0.0,0.0,0.0,0.0,-5880898.849999998
2002-09,Holladay,12076615.58,4.85,1.35,0.0,0.0,0.55,0.25,0.0,0.0,0.0,0.0,0.0,0.0,0.0,-78576563.66000001
2002-09,Murray,98509979.76,4.85,1.35,0.0,0.0,0.55,0.25,0.0,0.0,0.0,0.0,0.0,0.0,0.0,82393912.64
2002-09,North Salt Lake,10064938.59,4.85,1.35,0.0,0.0,0.55,0.25,0.0,0.0,0.0,0.0,0.0,0.0,0.0,-18987399.76
2002-09,Salt Lake City,278942664.5100001,4.7,1.35,0.0,0.0,0.55,0.25,0.0,-0.14999999999999947,0.0,0.0,0.0,0.0,0.0,265880227.03000012
2002-09,South Salt Lake,82675635.87,4.85,1.35,0.0,0.0,0.55,0.25,0.0,0.0,0.0,0.0,0.0,0.0,0.0,-19937471.069999993
2002-09,Taylorsville,28847913.03,4.85,1.35,0.0,0.0,0.55,0.25,0.0,0.0,0.0,0.0,0.0,0.0,0.0,17988182.830000002
2002-09,West Valley City,84793859.52000001,4.85,1.35,0.0,0.0,0.55,0.25,0.0,0.14999999999999947,0.0,0.0,0.0,0.0,0.0,-229616138.31000003
2002-09,Woods Cross,15045413.040000001,4.85,1.35,0.0,0.0,0.55,0.25,0.0,0.0,0.0,0.0,0.0,0.0,0.0,-76434844.39999999
2002-10,Bountiful,24067271.98,4.85,1.35,0.0,0.0,0.55,0.25,0.0,0.0,0.0,0.0,0.0,0.0,0.0,-9061633.73
2002-10,Holladay,11664048.13,4.85,1.35,0.0,0.0,0.55,0.25,0.0,0.0,0.0,0.0,0.0,0.0,0.0,-81676858.16
2002-10,Murray,93328717.75,4.85,1.35,0.0,0.0,0.55,0.25,0.0,0.0,0.0,0.0,0.0,0.0,0.0,75785964.7
2002-10,North Salt Lake,11253375.45,4.85,1.35,0.0,0.0,0.55,0.25,0.0,0.0,0.0,0.0,0.0,0.0,0.0,-12927129.650000006
2002-10,Salt Lake City,287434647.57,4.7,1.35,0.0,0.0,0.55,0.25,0.0,-0.14999999999999947,0.0,0.0,0.0,0.0,0.0,275358031.99
2002-10,South Salt Lake,90463499.11999999,4.85,1.35,0.0,0.0,0.55,0.25,0.0,0.0,0.0,0.0,0.0,0.0,0.0,-8046480.6400000155
2002-10,Taylorsville,29285111.39,4.85,1.35,0.0,0.0,0.55,0.25,0.0,0.0,0.0,0.0,0.0,0.0,0.0,19220172.8
2002-10,West Valley City,94173378.89,4.85,1.35,0.0,0.0,0.55,0.25,0.0,0.14999999999999947,0.0,0.0,0.0,0.0,0.0,-184769285.62000012
2002-10,Woods Cross,14795386.37000001,4.85,1.35,0.0,0.0,0.55,0.25,0.0,0.0,0.0,0.0,0.0,0.0,0.0,-67880249.5
2002-11,Bountiful,22143483.400000002,4.85,1.35,0.0,0.0,0.55,0.25,0.0,0.0,0.0,0.0,0.0,0.0,0.0,-6704429.629999999
2002-11,Holladay,14995869.68,4.85,1.35,0.0,0.0,0.55,0.25,0.0,0.0,0.0,0.0,0.0,0.0,0.0,-69797989.84
2002-11,Murray,99242768.16999999,4.85,1.35,0.0,0.0,0.55,0.25,0.0,0.0,0.0,0.0,0.0,0.0,0.0,84197355.12999998
2002-11,North Salt Lake,8780580.68,4.85,1.35,0.0,0.0,0.55,0.25,0.0,0.0,0.0,0.0,0.0,0.0,0.0,-15286691.3
2002-11,Salt Lake City,283520123.11,4.7,1.35,0.0,0.0,0.55,0.25,0.0,-0.14999999999999947,0.0,0.0,0.0,0.0,0.0,271856074.98
2002-11,South Salt Lake,83155479.04,4.85,1.35,0.0,0.0,0.55,0.25,0.0,0.0,0.0,0.0,0.0,0.0,0.0,-10173238.709999993
2002-11,Taylorsville,32716386.189999998,4.85,1.35,0.0,0.0,0.55,0.25,0.0,0.0,0.0,0.0,0.0,0.0,0.0,21463010.74
2002-11,West Valley City,91207023.05,4.85,1.35,0.0,0.0,0.55,0.25,0.0,0.14999999999999947,0.0,0.0,0.0,0.0,0.0,-196227624.51999998
2002-11,Woods Cross,13106224.83,4.85,1.35,0.0,0.0,0.55,0.25,0.0,0.0,0.0,0.0,0.0,0.0,0.0,-77357274.28999999
2002-12,Bountiful,26167886.37,4.85,1.35,0.0,0.0,0.55,0.25,0.0,0.0,0.0,0.0,0.0,0.0,0.0,-3117225.0199999996
2002-12,Holladay,24457723.740000002,4.85,1.35,0.0,0.0,0.55,0.25,0.0,0.0,0.0,0.0,0.0,0.0,0.0,-69715655.15
2002-12,Murray,134003017.24000001,4.85,1.35,0.0,0.0,0.55,0.25,0.0,0.0,0.0,0.0,0.0,0.0,0.0,119207630.87
2002-12,North Salt Lake,8769254.74,4.85,1.35,0.0,0.0,0.55,0.25,0.0,0.0,0.0,0.0,0.0,0.0,0.0,-13374228.660000002
2002-12,Salt Lake City,335804667.4800001,4.7,1.35,0.0,0.0,0.55,0.25,0.0,-0.14999999999999947,0.0,0.0,0.0,0.0,0.0,320808797.8000001
2002-12,South Salt Lake,88649251.39,4.85,1.35,0.0,0.0,0.55,0.25,0.0,0.0,0.0,0.0,0.0,0.0,0.0,-10593516.779999986
2002-12,Taylorsville,40118640.01,4.85,1.35,0.0,0.0,0.55,0.25,0.0,0.0,0.0,0.0,0.0,0.0,0.0,31338059.33
2002-12,West Valley City,108253251.75000001,4.85,1.35,0.0,0.0,0.55,0.25,0.0,0.14999999999999947,0.0,0.0,0.0,0.0,0.0,-175266871.36
2002-12,Woods Cross,14727210.18,4.85,1.35,0.0,0.0,0.55,0.25,0.0,0.0,0.0,0.0,0.0,0.0,0.0,-68428268.86000001
2003-01,Bountiful,25569948.95,4.85,1.35,0.0,0.0,0.55,0.25,0.0,0.0,0.0,0.0,0.0,0.0,0.0,-7146437.239999998
2003-01,Holladay,14388087.62,4.85,1.35,0.0,0.0,0.55,0.25,0.0,0.0,0.0,0.0,0.0,0.0,0.0,-76818935.42999999
2003-01,Murray,85837105.2100001,4.85,1.35,0.0,0.0,0.55,0.25,0.0,0.0,0.0,0.0,0.0,0.0,0.0,72730880.3800001
2003-01,North Salt Lake,8862771.729999999,4.85,1.35,0.0,0.0,0.55,0.25,0.0,0.0,0.0,0.0,0.0,0.0,0.0,-17305114.64
2003-01,Salt Lake City,281577762.15,4.7,1.35,0.0,0.0,0.55,0.25,0.0,-0.14999999999999947,0.0,0.0,0.0,0.0,0.0,257120038.40999997
2003-01,South Salt Lake,79589519.19,4.85,1.35,0.0,0.0,0.55,0.25,0.0,0.0,0.0,0.0,0.0,0.0,0.0,-54413498.05000001
2003-01,Taylorsville,28658310.3,4.85,1.35,0.0,0.0,0.55,0.25,0.0,0.0,0.0,0.0,0.0,0.0,0.0,19889055.560000002
2003-01,West Valley City,75437693.99000001,4.85,1.35,0.0,0.0,0.55,0.25,0.0,0.14999999999999947,0.0,0.0,0.0,0.0,0.0,-260366973.49000007
2003-01,Woods Cross,11661559.16,4.85,1.35,0.0,0.0,0.55,0.25,0.0,0.0,0.0,0.0,0.0,0.0,0.0,-76987692.23
2003-02,Bountiful,30437595.24,4.85,1.35,0.0,0.0,0.55,0.25,0.0,0.0,0.0,0.0,0.0,0.0,0.0,-9681044.77
2003-02,Holladay,13069934.0,4.85,1.35,0.0,0.0,0.55,0.25,0.0,0.0,0.0,0.0,0.0,0.0,0.0,-95183317.75000001
2003-02,Murray,88200290.39,4.85,1.35,0.0,0.0,0.55,0.25,0.0,0.0,0.0,0.0,0.0,0.0,0.0,73473080.21000001
2003-02,North Salt Lake,8282340.75,4.85,1.35,0.0,0.0,0.55,0.25,0.0,0.0,0.0,0.0,0.0,0.0,0.0,-17287608.2
2003-02,Salt Lake City,269779545.62,4.7,1.35,0.0,0.0,0.55,0.25,0.0,-0.14999999999999947,0.0,0.0,0.0,0.0,0.0,255391458.0
2003-02,South Salt Lake,77350387.78,4.85,1.35,0.0,0.0,0.55,0.25,0.0,0.0,0.0,0.0,0.0,0.0,0.0,-8486717.430000097
2003-02,Taylorsville,27578353.229999997,4.85,1.35,0.0,0.0,0.55,0.25,0.0,0.0,0.0,0.0,0.0,0.0,0.0,18715581.5
2003-02,West Valley City,89124890.08,4.85,1.35,0.0,0.0,0.55,0.25,0.0,0.14999999999999947,0.0,0.0,0.0,0.0,0.0,-192452872.07
2003-02,Woods Cross,9875491.170000011,4.85,1.35,0.0,0.0,0.55,0.25,0.0,0.0,0.0,0.0,0.0,0.0,0.0,-69714028.01999998
2003-03,Bountiful,27245971.11,4.85,1.35,0.0,0.0,0.55,0.25,0.0,0.0,0.0,0.0,0.0,0.0,0.0,-1412339.1900000013
2003-03,Holladay,15337953.53,4.85,1.35,0.0,0.0,0.55,0.25,0.0,0.0,0.0,0.0,0.0,0.0,0.0,-60099740.46000001
2003-03,Murray,106795860.92000002,4.85,1.35,0.0,0.0,0.55,0.25,0.0,0.0,0.0,0.0,0.0,0.0,0.0,95134301.76000002
2003-03,North Salt Lake,8623811.15,4.85,1.35,0.0,0.0,0.55,0.25,0.0,0.0,0.0,0.0,0.0,0.0,0.0,-21813784.089999996
2003-03,Salt Lake City,301191862.3,4.7,1.35,0.0,0.0,0.55,0.25,0.0,-0.14999999999999947,0.0,0.0,0.0,0.0,0.0,288121928.3
2003-03,South Salt Lake,82881446.11000001,4.85,1.35,0.0,0.0,0.55,0.25,0.0,0.0,0.0,0.0,0.0,0.0,0.0,-5318844.279999986
2003-03,Taylorsville,30775279.15,4.85,1.35,0.0,0.0,0.55,0.25,0.0,0.0,0.0,0.0,0.0,0.0,0.0,22492938.4
2003-03,West Valley City,92224206.33000001,4.85,1.35,0.0,0.0,0.55,0.25,0.0,0.14999999999999947,0.0,0.0,0.0,0.0,0.0,-177555339.29
2003-03,Woods Cross,14052908.220000008,4.85,1.35,0.0,0.0,0.55,0.25,0.0,0.0,0.0,0.0,0.0,0.0,0.0,-63297479.559999995
2003-04,Bountiful,23869109.560000002,4.85,1.35,0.0,0.0,0.55,0.25,0.0,0.0,0.0,0.0,0.0,0.0,0.0,-3709243.6699999943
2003-04,Holladay,15262832.360000001,4.85,1.35,0.0,0.0,0.55,0.25,0.0,0.0,0.0,0.0,0.0,0.0,0.0,-73862057.72
2003-04,Murray,103344389.39999999,4.85,1.35,0.0,0.0,0.55,0.25,0.0,0.0,0.0,0.0,0.0,0.0,0.0,93468898.22999997
2003-04,North Salt Lake,9435406.35,4.85,1.35,0.0,0.0,0.55,0.25,0.0,0.0,0.0,0.0,0.0,0.0,0.0,-17810564.759999998
2003-04,Salt Lake City,298460880.2,4.7,1.35,0.0,0.0,0.55,0.25,0.0,-0.14999999999999947,0.0,0.0,0.0,0.0,0.0,283122926.67
2003-04,South Salt Lake,85724021.87,4.85,1.35,0.0,0.0,0.55,0.25,0.0,0.0,0.0,0.0,0.0,0.0,0.0,-21071839.050000012
2003-04,Taylorsville,30568357.009999998,4.85,1.35,0.0,0.0,0.55,0.25,0.0,0.0,0.0,0.0,0.0,0.0,0.0,21944545.86
2003-04,West Valley City,96471590.57000001,4.85,1.35,0.0,0.0,0.55,0.25,0.0,0.14999999999999947,0.0,0.0,0.0,0.0,0.0,-204720271.73000002
2003-04,Woods Cross,14376640.43,4.85,1.35,0.0,0.0,0.55,0.25,0.0,0.0,0.0,0.0,0.0,0.0,0.0,-68504805.68
2003-05,Bountiful,26419610.869999997,4.85,1.35,0.0,0.0,0.55,0.25,0.0,0.0,0.0,0.0,0.0,0.0,0.0,-4355668.280000001
2003-05,Holladay,15069327.54,4.85,1.35,0.0,0.0,0.55,0.25,0.0,0.0,0.0,0.0,0.0,0.0,0.0,-77154878.79000002
2003-05,Murray,109139855.24,4.85,1.35,0.0,0.0,0.55,0.25,0.0,0.0,0.0,0.0,0.0,0.0,0.0,95086947.01999998
2003-05,North Salt Lake,10338791.41,4.85,1.35,0.0,0.0,0.55,0.25,0.0,0.0,0.0,0.0,0.0,0.0,0.0,-13530318.150000002
2003-05,Salt Lake City,300151239.81,4.7,1.35,0.0,0.0,0.55,0.25,0.0,-0.14999999999999947,0.0,0.0,0.0,0.0,0.0,284888407.45
2003-05,South Salt Lake,88967149.79,4.85,1.35,0.0,0.0,0.55,0.25,0.0,0.0,0.0,0.0,0.0,0.0,0.0,-14377239.609999985
2003-05,Taylorsville,33247199.5,4.85,1.35,0.0,0.0,0.55,0.25,0.0,0.0,0.0,0.0,0.0,0.0,0.0,23811793.15
2003-05,West Valley City,98867909.72,4.85,1.35,0.0,0.0,0.55,0.25,0.0,0.14999999999999947,0.0,0.0,0.0,0.0,0.0,-199592970.48
2003-05,Woods Cross,14643293.77,4.85,1.35,0.0,0.0,0.55,0.25,0.0,0.0,0.0,0.0,0.0,0.0,0.0,-71080728.10000001
2003-06,Bountiful,26976423.43,4.85,1.35,0.0,0.0,0.55,0.25,0.0,0.0,0.0,0.0,0.0,0.0,0.0,-3591933.579999998
2003-06,Holladay,15590339.16,4.85,1.35,0.0,0.0,0.55,0.25,0.0,0.0,0.0,0.0,0.0,0.0,0.0,-80881251.41000001
2003-06,Murray,110343909.97999999,4.85,1.35,0.0,0.0,0.55,0.25,0.0,0.0,0.0,0.0,0.0,0.0,0.0,95967269.54999998
2003-06,North Salt Lake,10174604.91,4.85,1.35,0.0,0.0,0.55,0.25,0.0,0.0,0.0,0.0,0.0,0.0,0.0,-16245005.959999997
2003-06,Salt Lake City,336177220.31,4.7,1.35,0.0,0.0,0.55,0.25,0.0,-0.14999999999999947,0.0,0.0,0.0,0.0,0.0,321107892.77
2003-06,South Salt Lake,90222230.9,4.85,1.35,0.0,0.0,0.55,0.25,0.0,0.0,0.0,0.0,0.0,0.0,0.0,-18917624.33999999
2003-06,Taylorsville,31060720.58,4.85,1.35,0.0,0.0,0.55,0.25,0.0,0.0,0.0,0.0,0.0,0.0,0.0,20721929.169999998
2003-06,West Valley City,101811798.96000001,4.85,1.35,0.0,0.0,0.55,0.25,0.0,0.14999999999999947,0.0,0.0,0.0,0.0,0.0,-198339440.85
2003-06,Woods Cross,15350503.879999999,4.85,1.35,0.0,0.0,0.55,0.25,0.0,0.0,0.0,0.0,0.0,0.0,0.0,-73616645.91000001
2003-07,Bountiful,26712868.2,4.85,1.35,0.0,0.0,0.55,0.25,0.0,0.0,0.0,0.0,0.0,0.0,0.0,-6534331.300000001
2003-07,Holladay,13883838.799999999,4.85,1.35,0.0,0.0,0.55,0.25,0.0,0.0,0.0,0.0,0.0,0.0,0.0,-84984070.92
2003-07,Murray,114191248.30999999,4.85,1.35,0.0,0.0,0.55,0.25,0.0,0.0,0.0,0.0,0.0,0.0,0.0,99547954.53999999
2003-07,North Salt Lake,10804060.71,4.85,1.35,0.0,0.0,0.55,0.25,0.0,0.0,0.0,0.0,0.0,0.0,0.0,-16172362.719999999
2003-07,Salt Lake City,336762359.55,4.7,1.35,0.0,0.0,0.55,0.25,0.0,-0.14999999999999947,0.0,0.0,0.0,0.0,0.0,321172020.39
2003-07,South Salt Lake,93917506.47,4.85,1.35,0.0,0.0,0.55,0.25,0.0,0.0,0.0,0.0,0.0,0.0,0.0,-16426403.50999999
2003-07,Taylorsville,31521823.48,4.85,1.35,0.0,0.0,0.55,0.25,0.0,0.0,0.0,0.0,0.0,0.0,0.0,21347218.57
2003-07,West Valley City,105294745.1,4.85,1.35,0.0,0.0,0.55,0.25,0.0,0.14999999999999947,0.0,0.0,0.0,0.0,0.0,-230882475.21
2003-07,Woods Cross,17319290.62,4.85,1.35,0.0,0.0,0.55,0.25,0.0,0.0,0.0,0.0,0.0,0.0,0.0,-72902940.28
2003-08,Bountiful,29357199.740000002,4.85,1.35,0.0,0.0,0.55,0.25,0.0,0.0,0.0,0.0,0.0,0.0,0.0,-1703520.8399999961
2003-08,Holladay,16040701.690000001,4.85,1.35,0.0,0.0,0.55,0.25,0.0,0.0,0.0,0.0,0.0,0.0,0.0,-85771097.27000001
2003-08,Murray,120019444.01999989,4.85,1.35,0.0,0.0,0.55,0.25,0.0,0.0,0.0,0.0,0.0,0.0,0.0,104668940.1399999
2003-08,North Salt Lake,9715132.309999999,4.85,1.35,0.0,0.0,0.55,0.25,0.0,0.0,0.0,0.0,0.0,0.0,0.0,-16997735.89
2003-08,Salt Lake City,319857443.34999996,4.7,1.35,0.0,0.0,0.55,0.25,0.0,-0.14999999999999947,0.0,0.0,0.0,0.0,0.0,305973604.54999995
2003-08,South Salt Lake,94829758.83,4.85,1.35,0.0,0.0,0.55,0.25,0.0,0.0,0.0,0.0,0.0,0.0,0.0,-19361489.47999999
2003-08,Taylorsville,35164351.61,4.85,1.35,0.0,0.0,0.55,0.25,0.0,0.0,0.0,0.0,0.0,0.0,0.0,24360290.9
2003-08,West Valley City,103350732.03,4.85,1.35,0.0,0.0,0.55,0.25,0.0,0.14999999999999947,0.0,0.0,0.0,0.0,0.0,-233411627.52
2003-08,Woods Cross,17547554.03,4.85,1.35,0.0,0.0,0.55,0.25,0.0,0.0,0.0,0.0,0.0,0.0,0.0,-76369952.44
2003-09,Bountiful,26590509.07000001,4.85,1.35,0.0,0.0,0.55,0.25,0.0,0.0,0.0,0.0,0.0,0.0,0.0,-4931314.409999989
2003-09,Holladay,14706914.709999999,4.85,1.35,0.0,0.0,0.55,0.25,0.0,0.0,0.0,0.0,0.0,0.0,0.0,-90587830.39
2003-09,Murray,110157293.0,4.85,1.35,0.0,0.0,0.55,0.25,0.0,0.0,0.0,0.0,0.0,0.0,0.0,92838002.38
2003-09,North Salt Lake,11118312.93,4.85,1.35,0.0,0.0,0.55,0.25,0.0,0.0,0.0,0.0,0.0,0.0,0.0,-18238886.810000002
2003-09,Salt Lake City,310736592.0500001,4.7,1.35,0.0,0.0,0.55,0.25,0.0,-0.14999999999999947,0.0,0.0,0.0,0.0,0.0,294695890.3600001
2003-09,South Salt Lake,86994499.92999999,4.85,1.35,0.0,0.0,0.55,0.25,0.0,0.0,0.0,0.0,0.0,0.0,0.0,-33024944.0899999
2003-09,Taylorsville,30769544.23,4.85,1.35,0.0,0.0,0.55,0.25,0.0,0.0,0.0,0.0,0.0,0.0,0.0,21054411.92
2003-09,West Valley City,99758852.49,4.85,1.35,0.0,0.0,0.55,0.25,0.0,0.14999999999999947,0.0,0.0,0.0,0.0,0.0,-220098590.85999995
2003-09,Woods Cross,15097376.729999999,4.85,1.35,0.0,0.0,0.55,0.25,0.0,0.0,0.0,0.0,0.0,0.0,0.0,-79732382.1
2003-10,Bountiful,23676728.19,4.85,1.35,0.0,0.0,0.55,0.25,0.0,0.0,0.0,0.0,0.0,0.0,0.0,-11487623.419999998
2003-10,Holladay,15219178.05,4.85,1.35,0.0,0.0,0.55,0.25,0.0,0.0,0.0,0.0,0.0,0.0,0.0,-88131553.98
2003-10,Murray,102090675.83000001,4.85,1.35,0.0,0.0,0.55,0.25,0.0,0.0,0.0,0.0,0.0,0.0,0.0,84543121.80000001
2003-10,North Salt Lake,9709990.389999999,4.85,1.35,0.0,0.0,0.55,0.25,0.0,0.0,0.0,0.0,0.0,0.0,0.0,-16880518.680000015
2003-10,Salt Lake City,298586727.09000003,4.7,1.35,0.0,0.0,0.55,0.25,0.0,-0.14999999999999947,0.0,0.0,0.0,0.0,0.0,283879812.38000005
2003-10,South Salt Lake,92230461.5,4.85,1.35,0.0,0.0,0.55,0.25,0.0,0.0,0.0,0.0,0.0,0.0,0.0,-17926831.5
2003-10,Taylorsville,29450684.94,4.85,1.35,0.0,0.0,0.55,0.25,0.0,0.0,0.0,0.0,0.0,0.0,0.0,18332372.01
2003-10,West Valley City,98874625.32000001,4.85,1.35,0.0,0.0,0.55,0.25,0.0,0.14999999999999947,0.0,0.0,0.0,0.0,0.0,-211861966.73000008
2003-10,Woods Cross,14165509.309999999,4.85,1.35,0.0,0.0,0.55,0.25,0.0,0.0,0.0,0.0,0.0,0.0,0.0,-72828990.61999999
2003-11,Bountiful,23840050.819999997,4.85,1.35,0.0,0.0,0.55,0.25,0.0,0.0,0.0,0.0,0.0,0.0,0.0,-6929493.410000004
2003-11,Holladay,18041413.099999998,4.85,1.35,0.0,0.0,0.55,0.25,0.0,0.0,0.0,0.0,0.0,0.0,0.0,-81717439.39
2003-11,Murray,115090493.21999992,4.85,1.35,0.0,0.0,0.55,0.25,0.0,0.0,0.0,0.0,0.0,0.0,0.0,99993116.48999992
2003-11,North Salt Lake,10108917.48,4.85,1.35,0.0,0.0,0.55,0.25,0.0,0.0,0.0,0.0,0.0,0.0,0.0,-13567810.71
2003-11,Salt Lake City,302331801.2,4.7,1.35,0.0,0.0,0.55,0.25,0.0,-0.14999999999999947,0.0,0.0,0.0,0.0,0.0,287112623.15
2003-11,South Salt Lake,87420871.55,4.85,1.35,0.0,0.0,0.55,0.25,0.0,0.0,0.0,0.0,0.0,0.0,0.0,-14669804.280000016
2003-11,Taylorsville,34893284.9,4.85,1.35,0.0,0.0,0.55,0.25,0.0,0.0,0.0,0.0,0.0,0.0,0.0,25183294.509999998
2003-11,West Valley City,98657812.16999999,4.85,1.35,0.0,0.0,0.55,0.25,0.0,0.14999999999999947,0.0,0.0,0.0,0.0,0.0,-199928914.92000005
2003-11,Woods Cross,13020811.32,4.85,1.35,0.0,0.0,0.55,0.25,0.0,0.0,0.0,0.0,0.0,0.0,0.0,-79209650.18
2003-12,Bountiful,29944189.15,4.85,1.35,0.0,0.0,0.55,0.25,0.0,0.0,0.0,0.0,0.0,0.0,0.0,493504.20999999717
2003-12,Holladay,26988744.900000002,4.85,1.35,0.0,0.0,0.55,0.25,0.0,0.0,0.0,0.0,0.0,0.0,0.0,-71885880.42
2003-12,Murray,150480047.38,4.85,1.35,0.0,0.0,0.55,0.25,0.0,0.0,0.0,0.0,0.0,0.0,0.0,136314538.07
2003-12,North Salt Lake,10143837.53,4.85,1.35,0.0,0.0,0.55,0.25,0.0,0.0,0.0,0.0,0.0,0.0,0.0,-13696213.289999997
2003-12,Salt Lake City,388380658.13,4.7,1.35,0.0,0.0,0.55,0.25,0.0,-0.14999999999999947,0.0,0.0,0.0,0.0,0.0,370339245.03
2003-12,South Salt Lake,92563025.92,4.85,1.35,0.0,0.0,0.55,0.25,0.0,0.0,0.0,0.0,0.0,0.0,0.0,-22527467.299999923
2003-12,Taylorsville,48672820.51000001,4.85,1.35,0.0,0.0,0.55,0.25,0.0,0.0,0.0,0.0,0.0,0.0,0.0,38563903.030000016
2003-12,West Valley City,120413086.57000001,4.85,1.35,0.0,0.0,0.55,0.25,0.0,0.14999999999999947,0.0,0.0,0.0,0.0,0.0,-181918714.63
2003-12,Woods Cross,16649063.39,4.85,1.35,0.0,0.0,0.55,0.25,0.0,0.0,0.0,0.0,0.0,0.0,0.0,-70771808.16
2004-01,Bountiful,27112909.46,4.85,1.35,0.0,0.0,0.55,0.25,0.0,0.0,0.0,0.0,0.0,0.0,0.0,-7780375.439999998
2004-01,Holladay,17140265.97,4.85,1.35,0.0,0.0,0.55,0.25,0.0,0.0,0.0,0.0,0.0,0.0,0.0,-81517546.19999999
2004-01,Murray,99790166.02,4.85,1.35,0.0,0.0,0.55,0.25,0.0,0.0,0.0,0.0,0.0,0.0,0.0,86769354.69999999
2004-01,North Salt Lake,10360218.92,4.85,1.35,0.0,0.0,0.55,0.25,0.0,0.0,0.0,0.0,0.0,0.0,0.0,-19583970.229999997
2004-01,Salt Lake City,336252123.76,4.7,1.35,0.0,0.0,0.55,0.25,0.0,-0.14999999999999947,0.0,0.0,0.0,0.0,0.0,309263378.86
2004-01,South Salt Lake,83772919.39,4.85,1.35,0.0,0.0,0.55,0.25,0.0,0.0,0.0,0.0,0.0,0.0,0.0,-66707127.989999995
2004-01,Taylorsville,33934532.86,4.85,1.35,0.0,0.0,0.55,0.25,0.0,0.0,0.0,0.0,0.0,0.0,0.0,23790695.33
2004-01,West Valley City,101058455.83,4.85,1.35,0.0,0.0,0.55,0.25,0.0,0.14999999999999947,0.0,0.0,0.0,0.0,0.0,-287322202.3
2004-01,Woods Cross,14303581.59,4.85,1.35,0.0,0.0,0.55,0.25,0.0,0.0,0.0,0.0,0.0,0.0,0.0,-78259444.33
2004-02,Bountiful,28027408.12,4.85,1.35,0.0,0.0,0.55,0.25,0.0,0.0,0.0,0.0,0.0,0.0,0.0,-20645412.39000001
2004-02,Holladay,16088617.22,4.85,1.35,0.0,0.0,0.55,0.25,0.0,0.0,0.0,0.0,0.0,0.0,0.0,-104324469.35000001
2004-02,Murray,95667931.16000001,4.85,1.35,0.0,0.0,0.55,0.25,0.0,0.0,0.0,0.0,0.0,0.0,0.0,79018867.77000001
2004-02,North Salt Lake,8833411.29,4.85,1.35,0.0,0.0,0.55,0.25,0.0,0.0,0.0,0.0,0.0,0.0,0.0,-18279498.17
2004-02,Salt Lake City,293588969.88,4.7,1.35,0.0,0.0,0.55,0.25,0.0,-0.14999999999999947,0.0,0.0,0.0,0.0,0.0,276448703.90999997
2004-02,South Salt Lake,82314406.67,4.85,1.35,0.0,0.0,0.55,0.25,0.0,0.0,0.0,0.0,0.0,0.0,0.0,-17475759.349999994
2004-02,Taylorsville,29001666.009999998,4.85,1.35,0.0,0.0,0.55,0.25,0.0,0.0,0.0,0.0,0.0,0.0,0.0,18641447.089999996
2004-02,West Valley City,97726555.4300001,4.85,1.35,0.0,0.0,0.55,0.25,0.0,0.14999999999999947,0.0,0.0,0.0,0.0,0.0,-238525568.3299999
2004-02,Woods Cross,13479657.639999999,4.85,1.35,0.0,0.0,0.55,0.25,0.0,0.0,0.0,0.0,0.0,0.0,0.0,-70293261.75
2004-03,Bountiful,28713797.499999996,4.85,1.35,0.0,0.0,0.55,0.25,0.0,0.0,0.0,0.0,0.0,0.0,0.0,-5220735.360000003
2004-03,Holladay,17215815.54,4.85,1.35,0.0,0.0,0.55,0.25,0.0,0.0,0.0,0.0,0.0,0.0,0.0,-83842640.28999999
2004-03,Murray,117492449.47000001,4.85,1.35,0.0,0.0,0.55,0.25,0.0,0.0,0.0,0.0,0.0,0.0,0.0,103188867.88000001
2004-03,North Salt Lake,12284917.6,4.85,1.35,0.0,0.0,0.55,0.25,0.0,0.0,0.0,0.0,0.0,0.0,0.0,-15742490.520000001
2004-03,Salt Lake City,359520066.0700001,4.7,1.35,0.0,0.0,0.55,0.25,0.0,-0.14999999999999947,0.0,0.0,0.0,0.0,0.0,343431448.8500001
2004-03,South Salt Lake,95936841.10000001,4.85,1.35,0.0,0.0,0.55,0.25,0.0,0.0,0.0,0.0,0.0,0.0,0.0,268909.9399999976
2004-03,Taylorsville,33148946.72,4.85,1.35,0.0,0.0,0.55,0.25,0.0,0.0,0.0,0.0,0.0,0.0,0.0,24315535.43
2004-03,West Valley City,110102257.96000001,4.85,1.35,0.0,0.0,0.55,0.25,0.0,0.14999999999999947,0.0,0.0,0.0,0.0,0.0,-183486711.92
2004-03,Woods Cross,14939202.73,4.85,1.35,0.0,0.0,0.55,0.25,0.0,0.0,0.0,0.0,0.0,0.0,0.0,-67375203.94
2004-04,Bountiful,32815007.53,4.85,1.35,0.0,0.0,0.55,0.25,0.0,0.0,0.0,0.0,0.0,0.0,0.0,3813341.5200000033
2004-04,Holladay,16195019.55,4.85,1.35,0.0,0.0,0.55,0.25,0.0,0.0,0.0,0.0,0.0,0.0,0.0,-81531535.8800001
2004-04,Murray,110503998.54000011,4.85,1.35,0.0,0.0,0.55,0.25,0.0,0.0,0.0,0.0,0.0,0.0,0.0,97024340.90000011
2004-04,North Salt Lake,11480113.4,4.85,1.35,0.0,0.0,0.55,0.25,0.0,0.0,0.0,0.0,0.0,0.0,0.0,-17233684.099999994
2004-04,Salt Lake City,333109796.37999994,4.7,1.35,0.0,0.0,0.55,0.25,0.0,-0.14999999999999947,0.0,0.0,0.0,0.0,0.0,315893980.8399999
2004-04,South Salt Lake,95100659.47,4.85,1.35,0.0,0.0,0.55,0.25,0.0,0.0,0.0,0.0,0.0,0.0,0.0,-22391790.000000015
2004-04,Taylorsville,32786447.36,4.85,1.35,0.0,0.0,0.55,0.25,0.0,0.0,0.0,0.0,0.0,0.0,0.0,20501529.759999998
2004-04,West Valley City,108081336.41000001,4.85,1.35,0.0,0.0,0.55,0.25,0.0,0.14999999999999947,0.0,0.0,0.0,0.0,0.0,-251438729.6600001
2004-04,Woods Cross,13783168.36,4.85,1.35,0.0,0.0,0.55,0.25,0.0,0.0,0.0,0.0,0.0,0.0,0.0,-82153672.74000001
2004-05,Bountiful,30207869.310000002,4.85,1.35,0.0,0.0,0.55,0.25,0.0,0.0,0.0,0.0,0.0,0.0,0.0,-2941077.4099999964
2004-05,Holladay,15659328.59,4.85,1.35,0.0,0.0,0.55,0.25,0.0,0.0,0.0,0.0,0.0,0.0,0.0,-94442929.37
2004-05,Murray,113561793.49000001,4.85,1.35,0.0,0.0,0.55,0.25,0.0,0.0,0.0,0.0,0.0,0.0,0.0,98622590.76
2004-05,North Salt Lake,11389654.41,4.85,1.35,0.0,0.0,0.55,0.25,0.0,0.0,0.0,0.0,0.0,0.0,0.0,-21425353.12
2004-05,Salt Lake City,320741626.16,4.7,1.35,0.0,0.0,0.55,0.25,0.0,-0.14999999999999947,0.0,0.0,0.0,0.0,0.0,304546606.61
2004-05,South Salt Lake,96338642.88,4.85,1.35,0.0,0.0,0.55,0.25,0.0,0.0,0.0,0.0,0.0,0.0,0.0,-14165355.660000116
2004-05,Taylorsville,33634044.66,4.85,1.35,0.0,0.0,0.55,0.25,0.0,0.0,0.0,0.0,0.0,0.0,0.0,22153931.259999998
2004-05,West Valley City,106848804.15,4.85,1.35,0.0,0.0,0.55,0.25,0.0,0.14999999999999947,0.0,0.0,0.0,0.0,0.0,-226260992.22999993
2004-05,Woods Cross,15888620.510000002,4.85,1.35,0.0,0.0,0.55,0.25,0.0,0.0,0.0,0.0,0.0,0.0,0.0,-79212038.96
2004-06,Bountiful,27344832.28,4.85,1.35,0.0,0.0,0.55,0.25,0.0,0.0,0.0,0.0,0.0,0.0,0.0,-5441615.079999998
2004-06,Holladay,16461647.910000002,4.85,1.35,0.0,0.0,0.55,0.25,0.0,0.0,0.0,0.0,0.0,0.0,0.0,-91619688.50000001
2004-06,Murray,117064293.48,4.85,1.35,0.0,0.0,0.55,0.25,0.0,0.0,0.0,0.0,0.0,0.0,0.0,103281125.12
2004-06,North Salt Lake,11853381.48,4.85,1.35,0.0,0.0,0.55,0.25,0.0,0.0,0.0,0.0,0.0,0.0,0.0,-18354487.830000002
2004-06,Salt Lake City,336906233.21,4.7,1.35,0.0,0.0,0.55,0.25,0.0,-0.14999999999999947,0.0,0.0,0.0,0.0,0.0,321246904.62
2004-06,South Salt Lake,100923140.46,4.85,1.35,0.0,0.0,0.55,0.25,0.0,0.0,0.0,0.0,0.0,0.0,0.0,-12638653.030000016
2004-06,Taylorsville,32970811.259999998,4.85,1.35,0.0,0.0,0.55,0.25,0.0,0.0,0.0,0.0,0.0,0.0,0.0,21581156.849999998
2004-06,West Valley City,107734373.42,4.85,1.35,0.0,0.0,0.55,0.25,0.0,0.14999999999999947,0.0,0.0,0.0,0.0,0.0,-213007252.74
2004-06,Woods Cross,15320010.95,4.85,1.35,0.0,0.0,0.55,0.25,0.0,0.0,0.0,0.0,0.0,0.0,0.0,-81018631.92999999
2004-07,Bountiful,26057144.68,4.85,1.35,0.0,0.0,0.55,0.25,0.0,0.0,0.0,0.0,0.0,0.0,0.0,-7576899.979999997
2004-07,Holladay,15932726.86,4.85,1.35,0.0,0.0,0.55,0.25,0.0,0.0,0.0,0.0,0.0,0.0,0.0,-90916077.29
2004-07,Murray,118981967.6,4.85,1.35,0.0,0.0,0.55,0.25,0.0,0.0,0.0,0.0,0.0,0.0,0.0,103093347.08999999
2004-07,North Salt Lake,17266768.99,4.85,1.35,0.0,0.0,0.55,0.25,0.0,0.0,0.0,0.0,0.0,0.0,0.0,-10078063.290000003
2004-07,Salt Lake City,320078037.6,4.7,1.35,0.0,0.0,0.55,0.25,0.0,-0.14999999999999947,0.0,0.0,0.0,0.0,0.0,303616389.69
2004-07,South Salt Lake,99134557.82,4.85,1.35,0.0,0.0,0.55,0.25,0.0,0.0,0.0,0.0,0.0,0.0,0.0,-17929735.66000001
2004-07,Taylorsville,32246117.650000002,4.85,1.35,0.0,0.0,0.55,0.25,0.0,0.0,0.0,0.0,0.0,0.0,0.0,20392736.17
2004-07,West Valley City,112339687.29,4.85,1.35,0.0,0.0,0.55,0.25,0.0,0.14999999999999947,0.0,0.0,0.0,0.0,0.0,-224566545.91999996
2004-07,Woods Cross,17269965.38,4.85,1.35,0.0,0.0,0.55,0.25,0.0,0.0,0.0,0.0,0.0,0.0,0.0,-83653175.08
2004-08,Bountiful,24563677.74,4.85,1.35,0.0,0.0,0.55,0.25,0.0,0.0,0.0,0.0,0.0,0.0,0.0,-8407133.52
2004-08,Holladay,16047686.490000002,4.85,1.35,0.0,0.0,0.55,0.25,0.0,0.0,0.0,0.0,0.0,0.0,0.0,-91686686.93
2004-08,Murray,118317265.11,4.85,1.35,0.0,0.0,0.55,0.25,0.0,0.0,0.0,0.0,0.0,0.0,0.0,102997254.16
2004-08,North Salt Lake,12059975.31,4.85,1.35,0.0,0.0,0.55,0.25,0.0,0.0,0.0,0.0,0.0,0.0,0.0,-13997169.37
2004-08,Salt Lake City,333586110.53,4.7,1.35,0.0,0.0,0.55,0.25,0.0,-0.14999999999999947,0.0,0.0,0.0,0.0,0.0,317653383.66999996
2004-08,South Salt Lake,99733616.52,4.85,1.35,0.0,0.0,0.55,0.25,0.0,0.0,0.0,0.0,0.0,0.0,0.0,-19248351.08
2004-08,Taylorsville,32635336.15,4.85,1.35,0.0,0.0,0.55,0.25,0.0,0.0,0.0,0.0,0.0,0.0,0.0,15368567.16
2004-08,West Valley City,113882907.51,4.85,1.35,0.0,0.0,0.55,0.25,0.0,0.14999999999999947,0.0,0.0,0.0,0.0,0.0,-206195130.09000003
2004-08,Woods Cross,15524096.0,4.85,1.35,0.0,0.0,0.55,0.25,0.0,0.0,0.0,0.0,0.0,0.0,0.0,-83610461.82
2004-09,Bountiful,24087783.06,4.85,1.35,0.0,0.0,0.55,0.25,0.0,0.0,0.0,0.0,0.0,0.0,0.0,-8158334.590000004
2004-09,Holladay,14005970.55,4.85,1.35,0.0,0.0,0.55,0.25,0.0,0.0,0.0,0.0,0.0,0.0,0.0,-98333716.74000001
2004-09,Murray,113815178.82,4.85,1.35,0.0,0.0,0.55,0.25,0.0,0.0,0.0,0.0,0.0,0.0,0.0,96545213.44
2004-09,North Salt Lake,12461100.08,4.85,1.35,0.0,0.0,0.55,0.25,0.0,0.0,0.0,0.0,0.0,0.0,0.0,-12102577.659999998
2004-09,Salt Lake City,331871194.04,4.7,1.35,0.0,0.0,0.55,0.25,0.0,-0.14999999999999947,0.0,0.0,0.0,0.0,0.0,315823507.55
2004-09,South Salt Lake,99201650.08,4.85,1.35,0.0,0.0,0.55,0.25,0.0,0.0,0.0,0.0,0.0,0.0,0.0,-19115615.03
2004-09,Taylorsville,31974391.5,4.85,1.35,0.0,0.0,0.55,0.25,0.0,0.0,0.0,0.0,0.0,0.0,0.0,19914416.189999998
2004-09,West Valley City,119135522.35000001,4.85,1.35,0.0,0.0,0.55,0.25,0.0,0.14999999999999947,0.0,0.0,0.0,0.0,0.0,-214450588.17999995
2004-09,Woods Cross,17958963.09,4.85,1.35,0.0,0.0,0.55,0.25,0.0,0.0,0.0,0.0,0.0,0.0,0.0,-81774653.42999999
2004-10,Bountiful,23760291.94,4.85,1.35,0.0,0.0,0.55,0.25,0.0,0.0,0.0,0.0,0.0,0.0,0.0,-8875044.209999997
2004-10,Holladay,15007192.75,4.85,1.35,0.0,0.0,0.55,0.25,0.0,0.0,0.0,0.0,0.0,0.0,0.0,-98875714.76
2004-10,Murray,107788552.80999999,4.85,1.35,0.0,0.0,0.55,0.25,0.0,0.0,0.0,0.0,0.0,0.0,0.0,92264456.80999999
2004-10,North Salt Lake,10712152.36,4.85,1.35,0.0,0.0,0.55,0.25,0.0,0.0,0.0,0.0,0.0,0.0,0.0,-13375630.7
2004-10,Salt Lake City,328149341.56,4.7,1.35,0.0,0.0,0.55,0.25,0.0,-0.14999999999999947,0.0,0.0,0.0,0.0,0.0,314143371.01
2004-10,South Salt Lake,98762642.42,4.85,1.35,0.0,0.0,0.55,0.25,0.0,0.0,0.0,0.0,0.0,0.0,0.0,-15052536.399999991
2004-10,Taylorsville,31733550.08,4.85,1.35,0.0,0.0,0.55,0.25,0.0,0.0,0.0,0.0,0.0,0.0,0.0,19272450.0
2004-10,West Valley City,119833012.56,4.85,1.35,0.0,0.0,0.55,0.25,0.0,0.14999999999999947,0.0,0.0,0.0,0.0,0.0,-212038181.48000002
2004-10,Woods Cross,15205430.530000001,4.85,1.35,0.0,0.0,0.55,0.25,0.0,0.0,0.0,0.0,0.0,0.0,0.0,-83996219.55
2004-11,Bountiful,24315587.950000003,4.85,1.35,0.0,0.0,0.55,0.25,0.0,0.0,0.0,0.0,0.0,0.0,0.0,-7658803.549999997
2004-11,Holladay,16942555.35,4.85,1.35,0.0,0.0,0.55,0.25,0.0,0.0,0.0,0.0,0.0,0.0,0.0,-102192967.0
2004-11,Murray,115328833.27,4.85,1.35,0.0,0.0,0.55,0.25,0.0,0.0,0.0,0.0,0.0,0.0,0.0,97369870.17999999
2004-11,North Salt Lake,9388526.24,4.85,1.35,0.0,0.0,0.55,0.25,0.0,0.0,0.0,0.0,0.0,0.0,0.0,-14371765.700000001
2004-11,Salt Lake City,322515475.43,4.7,1.35,0.0,0.0,0.55,0.25,0.0,-0.14999999999999947,0.0,0.0,0.0,0.0,0.0,307508282.68
2004-11,South Salt Lake,95908334.56,4.85,1.35,0.0,0.0,0.55,0.25,0.0,0.0,0.0,0.0,0.0,0.0,0.0,-11880218.249999985
2004-11,Taylorsville,33272149.97,4.85,1.35,0.0,0.0,0.55,0.25,0.0,0.0,0.0,0.0,0.0,0.0,0.0,22559997.61
2004-11,West Valley City,112049913.44,4.85,1.35,0.0,0.0,0.55,0.25,0.0,0.14999999999999947,0.0,0.0,0.0,0.0,0.0,-216099428.12
2004-11,Woods Cross,15329897.309999999,4.85,1.35,0.0,0.0,0.55,0.25,0.0,0.0,0.0,0.0,0.0,0.0,0.0,-83432745.11
2004-12,Bountiful,32413122.190000005,4.85,1.35,0.0,0.0,0.55,0.25,0.0,0.0,0.0,0.0,0.0,0.0,0.0,679572.1100000069
2004-12,Holladay,24185885.380000003,4.85,1.35,0.0,0.0,0.55,0.25,0.0,0.0,0.0,0.0,0.0,0.0,0.0,-95647127.18
2004-12,Murray,163843567.05,4.85,1.35,0.0,0.0,0.55,0.25,0.0,0.0,0.0,0.0,0.0,0.0,0.0,148638136.52
2004-12,North Salt Lake,10193508.81,4.85,1.35,0.0,0.0,0.55,0.25,0.0,0.0,0.0,0.0,0.0,0.0,0.0,-14122079.140000002
2004-12,Salt Lake City,394217355.4900001,4.7,1.35,0.0,0.0,0.55,0.25,0.0,-0.14999999999999947,0.0,0.0,0.0,0.0,0.0,377274800.1400001
2004-12,South Salt Lake,107214995.16,4.85,1.35,0.0,0.0,0.55,0.25,0.0,0.0,0.0,0.0,0.0,0.0,0.0,-8113838.109999999
2004-12,Taylorsville,40714573.85,4.85,1.35,0.0,0.0,0.55,0.25,0.0,0.0,0.0,0.0,0.0,0.0,0.0,31326047.61
2004-12,West Valley City,141038248.19,4.85,1.35,0.0,0.0,0.55,0.25,0.0,0.14999999999999947,0.0,0.0,0.0,0.0,0.0,-181477227.24
2004-12,Woods Cross,15817727.57,4.85,1.35,0.0,0.0,0.55,0.25,0.0,0.0,0.0,0.0,0.0,0.0,0.0,-80090606.99000001
2005-01,Bountiful,25202671.53,4.85,1.35,0.0,0.0,0.55,0.25,0.0,0.0,0.0,0.0,0.0,0.0,0.0,-8069478.439999998
2005-01,Holladay,15167802.600000001,4.85,1.35,0.0,0.0,0.55,0.25,0.0,0.0,0.0,0.0,0.0,0.0,0.0,-96882110.84
2005-01,Murray,101955152.63999999,4.85,1.35,0.0,0.0,0.55,0.25,0.0,0.0,0.0,0.0,0.0,0.0,0.0,86625255.32999998
2005-01,North Salt Lake,10894638.98,4.85,1.35,0.0,0.0,0.55,0.25,0.0,0.0,0.0,0.0,0.0,0.0,0.0,-21518483.210000005
2005-01,Salt Lake City,324027938.18,4.7,1.35,0.0,0.0,0.55,0.25,0.0,-0.14999999999999947,0.0,0.0,0.0,0.0,0.0,299842052.8
2005-01,South Salt Lake,94277150.65,4.85,1.35,0.0,0.0,0.55,0.25,0.0,0.0,0.0,0.0,0.0,0.0,0.0,-69566416.4
2005-01,Taylorsville,32709592.009999998,4.85,1.35,0.0,0.0,0.55,0.25,0.0,0.0,0.0,0.0,0.0,0.0,0.0,22516083.199999996
2005-01,West Valley City,105894381.76,4.85,1.35,0.0,0.0,0.55,0.25,0.0,0.14999999999999947,0.0,0.0,0.0,0.0,0.0,-288322973.73000014
2005-01,Woods Cross,12832834.59,4.85,1.35,0.0,0.0,0.55,0.25,0.0,0.0,0.0,0.0,0.0,0.0,0.0,-94382160.57
2005-02,Bountiful,25036017.9,4.85,1.35,0.0,0.0,0.55,0.25,0.0,0.0,0.0,0.0,0.0,0.0,0.0,-15678555.950000003
2005-02,Holladay,14159582.27,4.85,1.35,0.0,0.0,0.55,0.25,0.0,0.0,0.0,0.0,0.0,0.0,0.0,-126878665.92
2005-02,Murray,97757964.11,4.85,1.35,0.0,0.0,0.55,0.25,0.0,0.0,0.0,0.0,0.0,0.0,0.0,81940236.53999999
2005-02,North Salt Lake,12136582.559999999,4.85,1.35,0.0,0.0,0.55,0.25,0.0,0.0,0.0,0.0,0.0,0.0,0.0,-13066088.970000003
2005-02,Salt Lake City,326164714.2,4.7,1.35,0.0,0.0,0.55,0.25,0.0,-0.14999999999999947,0.0,0.0,0.0,0.0,0.0,310996911.59999996
2005-02,South Salt Lake,96876713.4,4.85,1.35,0.0,0.0,0.55,0.25,0.0,0.0,0.0,0.0,0.0,0.0,0.0,-5078439.23999998
2005-02,Taylorsville,23643683.94,4.85,1.35,0.0,0.0,0.55,0.25,0.0,0.0,0.0,0.0,0.0,0.0,0.0,12749044.96
2005-02,West Valley City,105380540.15,4.85,1.35,0.0,0.0,0.55,0.25,0.0,0.14999999999999947,0.0,0.0,0.0,0.0,0.0,-218647398.03
2005-02,Woods Cross,12268916.09,4.85,1.35,0.0,0.0,0.55,0.25,0.0,0.0,0.0,0.0,0.0,0.0,0.0,-82008234.56
2005-03,Bountiful,27587743.3,4.85,1.35,0.0,0.0,0.55,0.25,0.0,0.0,0.0,0.0,0.0,0.0,0.0,-5121848.709999997
2005-03,Holladay,15301102.57,4.85,1.35,0.0,0.0,0.55,0.25,0.0,0.0,0.0,0.0,0.0,0.0,0.0,-90593279.19
2005-03,Murray,118004308.94000001,4.85,1.35,0.0,0.0,0.55,0.25,0.0,0.0,0.0,0.0,0.0,0.0,0.0,105171474.35000001
2005-03,North Salt Lake,13540760.45,4.85,1.35,0.0,0.0,0.55,0.25,0.0,0.0,0.0,0.0,0.0,0.0,0.0,-11495257.45
2005-03,Salt Lake City,390870444.47999996,4.7,1.35,0.0,0.0,0.55,0.25,0.0,-0.14999999999999947,0.0,0.0,0.0,0.0,0.0,376710862.21
2005-03,South Salt Lake,109376204.41,4.85,1.35,0.0,0.0,0.55,0.25,0.0,0.0,0.0,0.0,0.0,0.0,0.0,11618240.299999997
2005-03,Taylorsville,32348814.950000003,4.85,1.35,0.0,0.0,0.55,0.25,0.0,0.0,0.0,0.0,0.0,0.0,0.0,20212232.390000004
2005-03,West Valley City,121667162.55000001,4.85,1.35,0.0,0.0,0.55,0.25,0.0,0.14999999999999947,0.0,0.0,0.0,0.0,0.0,-204497551.64999998
2005-03,Woods Cross,15759195.86,4.85,1.35,0.0,0.0,0.55,0.25,0.0,0.0,0.0,0.0,0.0,0.0,0.0,-81117517.54
2005-04,Bountiful,26304033.080000002,4.85,1.35,0.0,0.0,0.55,0.25,0.0,0.0,0.0,0.0,0.0,0.0,0.0,2660349.1400000006
2005-04,Holladay,13518002.44,4.85,1.35,0.0,0.0,0.55,0.25,0.0,0.0,0.0,0.0,0.0,0.0,0.0,-91862537.71000001
2005-04,Murray,126636985.14,4.85,1.35,0.0,0.0,0.55,0.25,0.0,0.0,0.0,0.0,0.0,0.0,0.0,114368069.05
2005-04,North Salt Lake,18023809.5,4.85,1.35,0.0,0.0,0.55,0.25,0.0,0.0,0.0,0.0,0.0,0.0,0.0,-9563933.8
2005-04,Salt Lake City,343222091.02,4.7,1.35,0.0,0.0,0.55,0.25,0.0,-0.14999999999999947,0.0,0.0,0.0,0.0,0.0,327920988.45
2005-04,South Salt Lake,87547142.67,4.85,1.35,0.0,0.0,0.55,0.25,0.0,0.0,0.0,0.0,0.0,0.0,0.0,-30457166.27000001
2005-04,Taylorsville,31151105.74,4.85,1.35,0.0,0.0,0.55,0.25,0.0,0.0,0.0,0.0,0.0,0.0,0.0,17610345.29
2005-04,West Valley City,124495500.61000001,4.85,1.35,0.0,0.0,0.55,0.25,0.0,0.14999999999999947,0.0,0.0,0.0,0.0,0.0,-266374943.86999995
2005-04,Woods Cross,13851861.49,4.85,1.35,0.0,0.0,0.55,0.25,0.0,0.0,0.0,0.0,0.0,0.0,0.0,-95524342.92
2005-05,Bountiful,25056398.339999996,4.85,1.35,0.0,0.0,0.55,0.25,0.0,0.0,0.0,0.0,0.0,0.0,0.0,-7292416.610000007
2005-05,Holladay,13354020.5,4.85,1.35,0.0,0.0,0.55,0.25,0.0,0.0,0.0,0.0,0.0,0.0,0.0,-108313142.05000001
2005-05,Murray,115147417.31,4.85,1.35,0.0,0.0,0.55,0.25,0.0,0.0,0.0,0.0,0.0,0.0,0.0,99388221.45
2005-05,North Salt Lake,13478089.65,4.85,1.35,0.0,0.0,0.55,0.25,0.0,0.0,0.0,0.0,0.0,0.0,0.0,-12825943.430000002
2005-05,Salt Lake City,324404895.6600001,4.7,1.35,0.0,0.0,0.55,0.25,0.0,-0.14999999999999947,0.0,0.0,0.0,0.0,0.0,310886893.2200001
2005-05,South Salt Lake,104933034.39999999,4.85,1.35,0.0,0.0,0.55,0.25,0.0,0.0,0.0,0.0,0.0,0.0,0.0,-21703950.74000001
2005-05,Taylorsville,31241987.250000004,4.85,1.35,0.0,0.0,0.55,0.25,0.0,0.0,0.0,0.0,0.0,0.0,0.0,13218177.750000004
2005-05,West Valley City,126643360.53,4.85,1.35,0.0,0.0,0.55,0.25,0.0,0.14999999999999947,0.0,0.0,0.0,0.0,0.0,-216578730.48999998
2005-05,Woods Cross,17444891.869999997,4.85,1.35,0.0,0.0,0.55,0.25,0.0,0.0,0.0,0.0,0.0,0.0,0.0,-70102250.80000001
2005-06,Bountiful,30658170.819999997,4.85,1.35,0.0,0.0,0.55,0.25,0.0,0.0,0.0,0.0,0.0,0.0,0.0,-492934.9200000018
2005-06,Holladay,15127329.39,4.85,1.35,0.0,0.0,0.55,0.25,0.0,0.0,0.0,0.0,0.0,0.0,0.0,-109368171.22000001
2005-06,Murray,126659382.59000002,4.85,1.35,0.0,0.0,0.55,0.25,0.0,0.0,0.0,0.0,0.0,0.0,0.0,112807521.10000002
2005-06,North Salt Lake,15325952.33,4.85,1.35,0.0,0.0,0.55,0.25,0.0,0.0,0.0,0.0,0.0,0.0,0.0,-9730446.009999996
2005-06,Salt Lake City,363830962.27,4.7,1.35,0.0,0.0,0.55,0.25,0.0,-0.14999999999999947,0.0,0.0,0.0,0.0,0.0,350476941.77
2005-06,South Salt Lake,113793001.89,4.85,1.35,0.0,0.0,0.55,0.25,0.0,0.0,0.0,0.0,0.0,0.0,0.0,-1354415.4200000018
2005-06,Taylorsville,32120277.71,4.85,1.35,0.0,0.0,0.55,0.25,0.0,0.0,0.0,0.0,0.0,0.0,0.0,18642188.060000002
2005-06,West Valley City,130683843.0,4.85,1.35,0.0,0.0,0.55,0.25,0.0,0.14999999999999947,0.0,0.0,0.0,0.0,0.0,-193721052.6600001
2005-06,Woods Cross,20170039.939999998,4.85,1.35,0.0,0.0,0.55,0.25,0.0,0.0,0.0,0.0,0.0,0.0,0.0,-84762994.46
2005-07,Bountiful,33396635.259999998,4.85,1.35,0.0,0.0,0.55,0.25,0.0,0.0,0.0,0.0,0.0,0.0,0.0,2154648.009999994
2005-07,Holladay,14231054.83,4.85,1.35,0.0,0.0,0.55,0.25,0.0,0.0,0.0,0.0,0.0,0.0,0.0,-112412305.7
2005-07,Murray,132450686.1300001,4.85,1.35,0.0,0.0,0.55,0.25,0.0,0.0,0.0,0.0,0.0,0.0,0.0,115005794.26000011
2005-07,North Salt Lake,17578515.39,4.85,1.35,0.0,0.0,0.55,0.25,0.0,0.0,0.0,0.0,0.0,0.0,0.0,-13079655.429999996
2005-07,Salt Lake City,380472294.06,4.7,1.35,0.0,0.0,0.55,0.25,0.0,-0.14999999999999947,0.0,0.0,0.0,0.0,0.0,365344964.67
2005-07,South Salt Lake,114883609.95,4.85,1.35,0.0,0.0,0.55,0.25,0.0,0.0,0.0,0.0,0.0,0.0,0.0,-11775772.640000015
2005-07,Taylorsville,33982349.160000004,4.85,1.35,0.0,0.0,0.55,0.25,0.0,0.0,0.0,0.0,0.0,0.0,0.0,18656396.830000006
2005-07,West Valley City,138648387.67000002,4.85,1.35,0.0,0.0,0.55,0.25,0.0,0.14999999999999947,0.0,0.0,0.0,0.0,0.0,-225182574.59999996
2005-07,Woods Cross,21377662.619999997,4.85,1.35,0.0,0.0,0.55,0.25,0.0,0.0,0.0,0.0,0.0,0.0,0.0,-92415339.27000001
2005-08,Bountiful,30976530.64,4.85,1.35,0.0,0.0,0.55,0.25,0.0,0.0,0.0,0.0,0.0,0.0,0.0,-1143747.0700000003
2005-08,Holladay,14099988.2,4.85,1.35,0.0,0.0,0.55,0.25,0.0,0.0,0.0,0.0,0.0,0.0,0.0,-116583854.8
2005-08,Murray,141837310.66,4.85,1.35,0.0,0.0,0.55,0.25,0.0,0.0,0.0,0.0,0.0,0.0,0.0,121667270.72
2005-08,North Salt Lake,15733012.81,4.85,1.35,0.0,0.0,0.55,0.25,0.0,0.0,0.0,0.0,0.0,0.0,0.0,-17663622.449999996
2005-08,Salt Lake City,381061175.09,4.7,1.35,0.0,0.0,0.55,0.25,0.0,-0.14999999999999947,0.0,0.0,0.0,0.0,0.0,366830120.26
2005-08,South Salt Lake,122644449.1500001,4.85,1.35,0.0,0.0,0.55,0.25,0.0,0.0,0.0,0.0,0.0,0.0,0.0,-9806236.980000004
2005-08,Taylorsville,35651012.47,4.85,1.35,0.0,0.0,0.55,0.25,0.0,0.0,0.0,0.0,0.0,0.0,0.0,18072497.08
2005-08,West Valley City,131953511.99,4.85,1.35,0.0,0.0,0.55,0.25,0.0,0.14999999999999947,0.0,0.0,0.0,0.0,0.0,-248518782.07
2005-08,Woods Cross,19934286.5,4.85,1.35,0.0,0.0,0.55,0.25,0.0,0.0,0.0,0.0,0.0,0.0,0.0,-94949323.45
2005-09,Bountiful,26145531.64,4.85,1.35,0.0,0.0,0.55,0.25,0.0,0.0,0.0,0.0,0.0,0.0,0.0,-7836817.520000003
2005-09,Holladay,13431905.07,4.85,1.35,0.0,0.0,0.55,0.25,0.0,0.0,0.0,0.0,0.0,0.0,0.0,-125216482.60000002
2005-09,Murray,125437842.36,4.85,1.35,0.0,0.0,0.55,0.25,0.0,0.0,0.0,0.0,0.0,0.0,0.0,104060179.74000001
2005-09,North Salt Lake,14304333.45,4.85,1.35,0.0,0.0,0.55,0.25,0.0,0.0,0.0,0.0,0.0,0.0,0.0,-16672197.190000001
2005-09,Salt Lake City,366297809.18000007,4.7,1.35,0.0,0.0,0.55,0.25,0.0,-0.14999999999999947,0.0,0.0,0.0,0.0,0.0,352197820.9800001
2005-09,South Salt Lake,117061677.13,4.85,1.35,0.0,0.0,0.55,0.25,0.0,0.0,0.0,0.0,0.0,0.0,0.0,-24775633.53
2005-09,Taylorsville,34004547.45,4.85,1.35,0.0,0.0,0.55,0.25,0.0,0.0,0.0,0.0,0.0,0.0,0.0,18271534.64
2005-09,West Valley City,136368316.83,4.85,1.35,0.0,0.0,0.55,0.25,0.0,0.14999999999999947,0.0,0.0,0.0,0.0,0.0,-244692858.25999996
2005-09,Woods Cross,18931569.23,4.85,1.35,0.0,0.0,0.55,0.25,0.0,0.0,0.0,0.0,0.0,0.0,0.0,-103712879.92000009
2005-10,Bountiful,25857160.36,4.85,1.35,0.0,0.0,0.55,0.25,0.0,0.0,0.0,0.0,0.0,0.0,0.0,-9793852.11
2005-10,Holladay,13895370.19,4.85,1.35,0.0,0.0,0.55,0.25,0.0,0.0,0.0,0.0,0.0,0.0,0.0,-118058141.8
2005-10,Murray,120105111.53,4.85,1.35,0.0,0.0,0.55,0.25,0.0,0.0,0.0,0.0,0.0,0.0,0.0,100170825.03
2005-10,North Salt Lake,12423369.59,4.85,1.35,0.0,0.0,0.55,0.25,0.0,0.0,0.0,0.0,0.0,0.0,0.0,-13722162.05
2005-10,Salt Lake City,357920108.6200001,4.7,1.35,0.0,0.0,0.55,0.25,0.0,-0.14999999999999947,0.0,0.0,0.0,0.0,0.0,344488203.55000013
2005-10,South Salt Lake,110836930.07,4.85,1.35,0.0,0.0,0.55,0.25,0.0,0.0,0.0,0.0,0.0,0.0,0.0,-14600912.290000007
2005-10,Taylorsville,33590381.76,4.85,1.35,0.0,0.0,0.55,0.25,0.0,0.0,0.0,0.0,0.0,0.0,0.0,19286048.31
2005-10,West Valley City,124735702.7,4.85,1.35,0.0,0.0,0.55,0.25,0.0,0.14999999999999947,0.0,0.0,0.0,0.0,0.0,-241562106.48000008
2005-10,Woods Cross,16944326.560000002,4.85,1.35,0.0,0.0,0.55,0.25,0.0,0.0,0.0,0.0,0.0,0.0,0.0,-100117350.57
2005-11,Bountiful,25564652.13,4.85,1.35,0.0,0.0,0.55,0.25,0.0,0.0,0.0,0.0,0.0,0.0,0.0,-8439895.320000004
2005-11,Holladay,15903295.81,4.85,1.35,0.0,0.0,0.55,0.25,0.0,0.0,0.0,0.0,0.0,0.0,0.0,-120465021.02000001
2005-11,Murray,124774586.24999999,4.85,1.35,0.0,0.0,0.55,0.25,0.0,0.0,0.0,0.0,0.0,0.0,0.0,105843017.01999998
2005-11,North Salt Lake,12157144.64,4.85,1.35,0.0,0.0,0.55,0.25,0.0,0.0,0.0,0.0,0.0,0.0,0.0,-13700015.719999999
2005-11,Salt Lake City,356587871.78,4.7,1.35,0.0,0.0,0.55,0.25,0.0,-0.14999999999999947,0.0,0.0,0.0,0.0,0.0,342692501.59
2005-11,South Salt Lake,110000486.5800001,4.85,1.35,0.0,0.0,0.55,0.25,0.0,0.0,0.0,0.0,0.0,0.0,0.0,-10104624.949999899
2005-11,Taylorsville,34653883.98,4.85,1.35,0.0,0.0,0.55,0.25,0.0,0.0,0.0,0.0,0.0,0.0,0.0,22230514.389999997
2005-11,West Valley City,133646971.78999999,4.85,1.35,0.0,0.0,0.55,0.25,0.0,0.14999999999999947,0.0,0.0,0.0,0.0,0.0,-224273136.83000013
2005-11,Woods Cross,16160674.63,4.85,1.35,0.0,0.0,0.55,0.25,0.0,0.0,0.0,0.0,0.0,0.0,0.0,-94676255.44
2005-12,Bountiful,36356809.55,4.85,1.35,0.0,0.0,0.55,0.25,0.0,0.0,0.0,0.0,0.0,0.0,0.0,2766427.789999999
2005-12,Holladay,26424564.39,4.85,1.35,0.0,0.0,0.55,0.25,0.0,0.0,0.0,0.0,0.0,0.0,0.0,-98311138.31
2005-12,Murray,170406388.5,4.85,1.35,0.0,0.0,0.55,0.25,0.0,0.0,0.0,0.0,0.0,0.0,0.0,153462061.94
2005-12,North Salt Lake,13061583.32,4.85,1.35,0.0,0.0,0.55,0.25,0.0,0.0,0.0,0.0,0.0,0.0,0.0,-12503068.809999999
2005-12,Salt Lake City,434343682.68,4.7,1.35,0.0,0.0,0.55,0.25,0.0,-0.14999999999999947,0.0,0.0,0.0,0.0,0.0,418440386.87
2005-12,South Salt Lake,121680464.08,4.85,1.35,0.0,0.0,0.55,0.25,0.0,0.0,0.0,0.0,0.0,0.0,0.0,-3094122.169999987
2005-12,Taylorsville,47965125.89999999,4.85,1.35,0.0,0.0,0.55,0.25,0.0,0.0,0.0,0.0,0.0,0.0,0.0,35807981.25999999
2005-12,West Valley City,153908957.4,4.85,1.35,0.0,0.0,0.55,0.25,0.0,0.14999999999999947,0.0,0.0,0.0,0.0,0.0,-202678914.37999997
2005-12,Woods Cross,18473243.56,4.85,1.35,0.0,0.0,0.55,0.25,0.0,0.0,0.0,0.0,0.0,0.0,0.0,-91527243.0200001
2006-01,Bountiful,26249271.29,4.85,1.35,0.0,0.0,0.55,0.25,0.0,0.0,0.0,0.0,0.0,0.0,0.0,-8404612.689999998
2006-01,Holladay,14371883.02,4.85,1.35,0.0,0.0,0.55,0.25,0.0,0.0,0.0,0.0,0.0,0.0,0.0,-119275088.77
2006-01,Murray,111213162.46999998,4.85,1.35,0.0,0.0,0.55,0.25,0.0,0.0,0.0,0.0,0.0,0.0,0.0,95052487.83999999
2006-01,North Salt Lake,12835065.28,4.85,1.35,0.0,0.0,0.55,0.25,0.0,0.0,0.0,0.0,0.0,0.0,0.0,-23521744.269999996
2006-01,Salt Lake City,361743437.25,4.7,1.35,0.0,0.0,0.55,0.25,0.0,-0.14999999999999947,0.0,0.0,0.0,0.0,0.0,335318872.86
2006-01,South Salt Lake,105435341.3,4.85,1.35,0.0,0.0,0.55,0.25,0.0,0.0,0.0,0.0,0.0,0.0,0.0,-64971047.2
2006-01,Taylorsville,34488008.510000005,4.85,1.35,0.0,0.0,0.55,0.25,0.0,0.0,0.0,0.0,0.0,0.0,0.0,21426425.190000005
2006-01,West Valley City,126645758.25999999,4.85,1.35,0.0,0.0,0.55,0.25,0.0,0.14999999999999947,0.0,0.0,0.0,0.0,0.0,-307697924.42
2006-01,Woods Cross,15437934.79000001,4.85,1.35,0.0,0.0,0.55,0.25,0.0,0.0,0.0,0.0,0.0,0.0,0.0,-106242529.28999999
2006-02,Bountiful,26386298.58,4.85,1.35,0.0,0.0,0.55,0.25,0.0,0.0,0.0,0.0,0.0,0.0,0.0,-21578827.319999993
2006-02,Holladay,12824606.66,4.85,1.35,0.0,0.0,0.55,0.25,0.0,0.0,0.0,0.0,0.0,0.0,0.0,-141084350.74
2006-02,Murray,111774085.3900001,4.85,1.35,0.0,0.0,0.55,0.25,0.0,0.0,0.0,0.0,0.0,0.0,0.0,93300841.8300001
2006-02,North Salt Lake,16294874.12,4.85,1.35,0.0,0.0,0.55,0.25,0.0,0.0,0.0,0.0,0.0,0.0,0.0,-9954397.17
2006-02,Salt Lake City,333807059.28,4.7,1.35,0.0,0.0,0.55,0.25,0.0,-0.14999999999999947,0.0,0.0,0.0,0.0,0.0,319435176.26
2006-02,South Salt Lake,102801416.19999999,4.85,1.35,0.0,0.0,0.55,0.25,0.0,0.0,0.0,0.0,0.0,0.0,0.0,-8411746.269999996
2006-02,Taylorsville,32405008.62,4.85,1.35,0.0,0.0,0.55,0.25,0.0,0.0,0.0,0.0,0.0,0.0,0.0,19569943.340000004
2006-02,West Valley City,124646999.61,4.85,1.35,0.0,0.0,0.55,0.25,0.0,0.14999999999999947,0.0,0.0,0.0,0.0,0.0,-237096437.64
2006-02,Woods Cross,16302994.36,4.85,1.35,0.0,0.0,0.55,0.25,0.0,0.0,0.0,0.0,0.0,0.0,0.0,-89132346.94
2006-03,Bountiful,29518547.93,4.85,1.35,0.0,0.0,0.55,0.25,0.0,0.0,0.0,0.0,0.0,0.0,0.0,-4969460.580000006
2006-03,Holladay,15111098.23,4.85,1.35,0.0,0.0,0.55,0.25,0.0,0.0,0.0,0.0,0.0,0.0,0.0,-111534660.02999999
2006-03,Murray,129532719.4100001,4.85,1.35,0.0,0.0,0.55,0.25,0.0,0.0,0.0,0.0,0.0,0.0,0.0,114094784.6200001
2006-03,North Salt Lake,16554318.39,4.85,1.35,0.0,0.0,0.55,0.25,0.0,0.0,0.0,0.0,0.0,0.0,0.0,-9831980.189999998
2006-03,Salt Lake City,411392035.71000004,4.7,1.35,0.0,0.0,0.55,0.25,0.0,-0.14999999999999947,0.0,0.0,0.0,0.0,0.0,398567429.05
2006-03,South Salt Lake,123961085.5700001,4.85,1.35,0.0,0.0,0.55,0.25,0.0,0.0,0.0,0.0,0.0,0.0,0.0,12187000.179999992
2006-03,Taylorsville,36391112.150000006,4.85,1.35,0.0,0.0,0.55,0.25,0.0,0.0,0.0,0.0,0.0,0.0,0.0,20096238.03000001
2006-03,West Valley City,137036696.82,4.85,1.35,0.0,0.0,0.55,0.25,0.0,0.14999999999999947,0.0,0.0,0.0,0.0,0.0,-196770362.45999998
2006-03,Woods Cross,19592140.169999998,4.85,1.35,0.0,0.0,0.55,0.25,0.0,0.0,0.0,0.0,0.0,0.0,0.0,-83209276.02999999
2006-04,Bountiful,28996768.17,4.85,1.35,0.0,0.0,0.55,0.25,0.0,0.0,0.0,0.0,0.0,0.0,0.0,-3408240.4499999993
2006-04,Holladay,16841679.59,4.85,1.35,0.0,0.0,0.55,0.25,0.0,0.0,0.0,0.0,0.0,0.0,0.0,-107805320.02
2006-04,Murray,124879812.76,4.85,1.35,0.0,0.0,0.55,0.25,0.0,0.0,0.0,0.0,0.0,0.0,0.0,108576818.4
2006-04,North Salt Lake,12983432.0,4.85,1.35,0.0,0.0,0.55,0.25,0.0,0.0,0.0,0.0,0.0,0.0,0.0,-16535115.93
2006-04,Salt Lake City,367447083.95,4.7,1.35,0.0,0.0,0.55,0.25,0.0,-0.14999999999999947,0.0,0.0,0.0,0.0,0.0,352335985.71999997
2006-04,South Salt Lake,117345287.11999999,4.85,1.35,0.0,0.0,0.55,0.25,0.0,0.0,0.0,0.0,0.0,0.0,0.0,-12187432.29000011
2006-04,Taylorsville,36151023.95000001,4.85,1.35,0.0,0.0,0.55,0.25,0.0,0.0,0.0,0.0,0.0,0.0,0.0,19596705.56000001
2006-04,West Valley City,134372181.33,4.85,1.35,0.0,0.0,0.55,0.25,0.0,0.14999999999999947,0.0,0.0,0.0,0.0,0.0,-277019854.38
2006-04,Woods Cross,16070758.05,4.85,1.35,0.0,0.0,0.55,0.25,0.0,0.0,0.0,0.0,0.0,0.0,0.0,-107890327.5200001
2006-05,Bountiful,30963323.27,4.85,1.35,0.0,0.0,0.55,0.25,0.0,0.0,0.0,0.0,0.0,0.0,0.0,-5427788.880000006
2006-05,Holladay,17587866.869999997,4.85,1.35,0.0,0.0,0.55,0.25,0.0,0.0,0.0,0.0,0.0,0.0,0.0,-119448829.94999999
2006-05,Murray,129945844.02,4.85,1.35,0.0,0.0,0.55,0.25,0.0,0.0,0.0,0.0,0.0,0.0,0.0,110353703.85
2006-05,North Salt Lake,14770980.57,4.85,1.35,0.0,0.0,0.55,0.25,0.0,0.0,0.0,0.0,0.0,0.0,0.0,-14225787.600000001
2006-05,Salt Lake City,362477815.8100001,4.7,1.35,0.0,0.0,0.55,0.25,0.0,-0.14999999999999947,0.0,0.0,0.0,0.0,0.0,345636136.22000015
2006-05,South Salt Lake,121333479.2900001,4.85,1.35,0.0,0.0,0.55,0.25,0.0,0.0,0.0,0.0,0.0,0.0,0.0,-3546333.4699999094
2006-05,Taylorsville,34512053.160000004,4.85,1.35,0.0,0.0,0.55,0.25,0.0,0.0,0.0,0.0,0.0,0.0,0.0,21528621.160000004
2006-05,West Valley City,145855860.61,4.85,1.35,0.0,0.0,0.55,0.25,0.0,0.14999999999999947,0.0,0.0,0.0,0.0,0.0,-221591223.33999997
2006-05,Woods Cross,20217994.68,4.85,1.35,0.0,0.0,0.55,0.25,0.0,0.0,0.0,0.0,0.0,0.0,0.0,-97127292.44
2006-06,Bountiful,30907162.08,4.85,1.35,0.0,0.0,0.55,0.25,0.0,0.0,0.0,0.0,0.0,0.0,0.0,-5243861.870000012
2006-06,Holladay,15363556.88,4.85,1.35,0.0,0.0,0.55,0.25,0.0,0.0,0.0,0.0,0.0,0.0,0.0,-119008624.45000002
2006-06,Murray,137778258.46,4.85,1.35,0.0,0.0,0.55,0.25,0.0,0.0,0.0,0.0,0.0,0.0,0.0,121707500.41000001
2006-06,North Salt Lake,15221788.0,4.85,1.35,0.0,0.0,0.55,0.25,0.0,0.0,0.0,0.0,0.0,0.0,0.0,-15741535.27
2006-06,Salt Lake City,383543881.22,4.7,1.35,0.0,0.0,0.55,0.25,0.0,-0.14999999999999947,0.0,0.0,0.0,0.0,0.0,365956014.35
2006-06,South Salt Lake,133062626.38000001,4.85,1.35,0.0,0.0,0.55,0.25,0.0,0.0,0.0,0.0,0.0,0.0,0.0,3116782.3600000143
2006-06,Taylorsville,36139393.46,4.85,1.35,0.0,0.0,0.55,0.25,0.0,0.0,0.0,0.0,0.0,0.0,0.0,21368412.89
2006-06,West Valley City,151329791.46,4.85,1.35,0.0,0.0,0.55,0.25,0.0,0.14999999999999947,0.0,0.0,0.0,0.0,0.0,-211148024.3500001
2006-06,Woods Cross,23111877.33,4.85,1.35,0.0,0.0,0.55,0.25,0.0,0.0,0.0,0.0,0.0,0.0,0.0,-98221601.9600001
2006-07,Bountiful,32392947.11,4.85,1.35,0.0,0.0,0.55,0.25,0.0,0.0,0.0,0.0,0.0,0.0,0.0,-2119106.0500000045
2006-07,Holladay,7776681.83,4.85,1.35,0.0,0.0,0.55,0.25,0.0,0.0,0.0,0.0,0.0,0.0,0.0,-138079178.78
2006-07,Murray,137817380.63,4.85,1.35,0.0,0.0,0.55,0.25,0.0,0.0,0.0,0.0,0.0,0.0,0.0,117599385.94999999
2006-07,North Salt Lake,19346347.14,4.85,1.35,0.0,0.0,0.55,0.25,0.0,0.0,0.0,0.0,0.0,0.0,0.0,-11560814.939999998
2006-07,Salt Lake City,374691595.64,4.7,1.35,0.0,0.0,0.55,0.25,0.0,-0.14999999999999947,0.0,0.0,0.0,0.0,0.0,359328038.76
2006-07,South Salt Lake,123159191.38,4.85,1.35,0.0,0.0,0.55,0.25,0.0,0.0,0.0,0.0,0.0,0.0,0.0,-14619067.080000013
2006-07,Taylorsville,36654693.94000001,4.85,1.35,0.0,0.0,0.55,0.25,0.0,0.0,0.0,0.0,0.0,0.0,0.0,21432905.940000013
2006-07,West Valley City,155598208.89000002,4.85,1.35,0.0,0.0,0.55,0.25,0.0,0.14999999999999947,0.0,0.0,0.0,0.0,0.0,-227945672.33
2006-07,Woods Cross,23946295.83,4.85,1.35,0.0,0.0,0.55,0.25,0.0,0.0,0.0,0.0,0.0,0.0,0.0,-109116330.55000001
2006-08,Bountiful,33394318.18,4.85,1.35,0.0,0.0,0.55,0.25,0.0,0.0,0.0,0.0,0.0,0.0,0.0,-2745075.280000001
2006-08,Holladay,14024705.98,4.85,1.35,0.0,0.0,0.55,0.25,0.0,0.0,0.0,0.0,0.0,0.0,0.0,-137305085.48000002
2006-08,Murray,147750863.12,4.85,1.35,0.0,0.0,0.55,0.25,0.0,0.0,0.0,0.0,0.0,0.0,0.0,124638985.79
2006-08,North Salt Lake,16904655.400000002,4.85,1.35,0.0,0.0,0.55,0.25,0.0,0.0,0.0,0.0,0.0,0.0,0.0,-15488291.709999997
2006-08,Salt Lake City,432884941.9900001,4.7,1.35,0.0,0.0,0.55,0.25,0.0,-0.14999999999999947,0.0,0.0,0.0,0.0,0.0,425108260.16000015
2006-08,South Salt Lake,141996921.15,4.85,1.35,0.0,0.0,0.55,0.25,0.0,0.0,0.0,0.0,0.0,0.0,0.0,4179540.5200000107
2006-08,Taylorsville,38566226.99,4.85,1.35,0.0,0.0,0.55,0.25,0.0,0.0,0.0,0.0,0.0,0.0,0.0,19219879.85
2006-08,West Valley City,162342821.82,4.85,1.35,0.0,0.0,0.55,0.25,0.0,0.14999999999999947,0.0,0.0,0.0,0.0,0.0,-212348773.82
2006-08,Woods Cross,22234510.45,4.85,1.35,0.0,0.0,0.55,0.25,0.0,0.0,0.0,0.0,0.0,0.0,0.0,-100924680.92999999
2006-09,Bountiful,29122873.57,4.85,1.35,0.0,0.0,0.55,0.25,0.0,0.0,0.0,0.0,0.0,0.0,0.0,-7531820.370000012
2006-09,Holladay,16366127.909999998,4.85,1.35,0.0,0.0,0.55,0.25,0.0,0.0,0.0,0.0,0.0,0.0,0.0,-139232080.98000002
2006-09,Murray,140220713.34,4.85,1.35,0.0,0.0,0.55,0.25,0.0,0.0,0.0,0.0,0.0,0.0,0.0,116274417.51
2006-09,North Salt Lake,17449565.86,4.85,1.35,0.0,0.0,0.55,0.25,0.0,0.0,0.0,0.0,0.0,0.0,0.0,-15944752.32
2006-09,Salt Lake City,414836349.3,4.7,1.35,0.0,0.0,0.55,0.25,0.0,-0.14999999999999947,0.0,0.0,0.0,0.0,0.0,400811643.32
2006-09,South Salt Lake,132261859.95,4.85,1.35,0.0,0.0,0.55,0.25,0.0,0.0,0.0,0.0,0.0,0.0,0.0,-15489003.170000002
2006-09,Taylorsville,38011372.489999995,4.85,1.35,0.0,0.0,0.55,0.25,0.0,0.0,0.0,0.0,0.0,0.0,0.0,21106717.089999992
2006-09,West Valley City,147370078.83999997,4.85,1.35,0.0,0.0,0.55,0.25,0.0,0.14999999999999947,0.0,0.0,0.0,0.0,0.0,-285514863.15000015
2006-09,Woods Cross,19673915.03,4.85,1.35,0.0,0.0,0.55,0.25,0.0,0.0,0.0,0.0,0.0,0.0,0.0,-122323006.12
2006-10,Bountiful,28216253.419999998,4.85,1.35,0.0,0.0,0.55,0.25,0.0,0.0,0.0,0.0,0.0,0.0,0.0,-10349973.570000004
2006-10,Holladay,15498296.89000001,4.85,1.35,0.0,0.0,0.55,0.25,0.0,0.0,0.0,0.0,0.0,0.0,0.0,-146844524.92999998
2006-10,Murray,132587940.46,4.85,1.35,0.0,0.0,0.55,0.25,0.0,0.0,0.0,0.0,0.0,0.0,0.0,110353430.00999999
2006-10,North Salt Lake,19053513.08,4.85,1.35,0.0,0.0,0.55,0.25,0.0,0.0,0.0,0.0,0.0,0.0,0.0,-10069360.490000002
2006-10,Salt Lake City,386295927.9000001,4.7,1.35,0.0,0.0,0.55,0.25,0.0,-0.14999999999999947,0.0,0.0,0.0,0.0,0.0,369929799.99000007
2006-10,South Salt Lake,133817959.16,4.85,1.35,0.0,0.0,0.55,0.25,0.0,0.0,0.0,0.0,0.0,0.0,0.0,-6402754.180000007
2006-10,Taylorsville,37343746.52,4.85,1.35,0.0,0.0,0.55,0.25,0.0,0.0,0.0,0.0,0.0,0.0,0.0,19894180.660000004
2006-10,West Valley City,157774759.75,4.85,1.35,0.0,0.0,0.55,0.25,0.0,0.14999999999999947,0.0,0.0,0.0,0.0,0.0,-257061589.55
2006-10,Woods Cross,19378022.279999997,4.85,1.35,0.0,0.0,0.55,0.25,0.0,0.0,0.0,0.0,0.0,0.0,0.0,-112883837.67
2006-11,Bountiful,27776888.27,4.85,1.35,0.0,0.0,0.55,0.25,0.0,0.0,0.0,0.0,0.0,0.0,0.0,-10234484.219999995
2006-11,Holladay,16760136.41,4.85,1.35,0.0,0.0,0.55,0.25,0.0,0.0,0.0,0.0,0.0,0.0,0.0,-130609942.42999998
2006-11,Murray,135594513.7,4.85,1.35,0.0,0.0,0.55,0.25,0.0,0.0,0.0,0.0,0.0,0.0,0.0,115920598.66999999
2006-11,North Salt Lake,3023991.5700000003,4.85,1.35,0.0,0.0,0.55,0.25,0.0,0.0,0.0,0.0,0.0,0.0,0.0,-25192261.849999998
2006-11,Salt Lake City,387434428.88,4.7,1.35,0.0,0.0,0.55,0.25,0.0,-0.14999999999999947,0.0,0.0,0.0,0.0,0.0,371936131.99
2006-11,South Salt Lake,124916375.03999999,4.85,1.35,0.0,0.0,0.55,0.25,0.0,0.0,0.0,0.0,0.0,0.0,0.0,-7671565.420000002
2006-11,Taylorsville,40784388.02,4.85,1.35,0.0,0.0,0.55,0.25,0.0,0.0,0.0,0.0,0.0,0.0,0.0,21730874.940000005
2006-11,West Valley City,149343094.98,4.85,1.35,0.0,0.0,0.55,0.25,0.0,0.14999999999999947,0.0,0.0,0.0,0.0,0.0,-236952832.9200001
2006-11,Woods Cross,16699160.64,4.85,1.35,0.0,0.0,0.55,0.25,0.0,0.0,0.0,0.0,0.0,0.0,0.0,-117118798.52
2006-12,Bountiful,39260666.79,4.85,1.35,0.0,0.0,0.55,0.25,0.0,0.0,0.0,0.0,0.0,0.0,0.0,1916920.2699999958
2006-12,Holladay,25193137.25,4.85,1.35,0.0,0.0,0.55,0.25,0.0,0.0,0.0,0.0,0.0,0.0,0.0,-132581622.5
2006-12,Murray,189737618.84,4.85,1.35,0.0,0.0,0.55,0.25,0.0,0.0,0.0,0.0,0.0,0.0,0.0,170359596.56
2006-12,North Salt Lake,33226297.189999998,4.85,1.35,0.0,0.0,0.55,0.25,0.0,0.0,0.0,0.0,0.0,0.0,0.0,5449408.919999998
2006-12,Salt Lake City,477844528.25,4.7,1.35,0.0,0.0,0.55,0.25,0.0,-0.14999999999999947,0.0,0.0,0.0,0.0,0.0,461084391.84
2006-12,South Salt Lake,127528692.98000011,4.85,1.35,0.0,0.0,0.55,0.25,0.0,0.0,0.0,0.0,0.0,0.0,0.0,-8065820.71999988
2006-12,Taylorsville,80781900.41999999,4.85,1.35,0.0,0.0,0.55,0.25,0.0,0.0,0.0,0.0,0.0,0.0,0.0,77757908.85
2006-12,West Valley City,174635307.4600001,4.85,1.35,0.0,0.0,0.55,0.25,0.0,0.14999999999999947,0.0,0.0,0.0,0.0,0.0,-212799121.4199999
2006-12,Woods Cross,19700281.66,4.85,1.35,0.0,0.0,0.55,0.25,0.0,0.0,0.0,0.0,0.0,0.0,0.0,-105216093.38
2007-01,Bountiful,27953389.94999999,4.85,1.35,0.0,0.0,0.55,0.25,0.0,0.0,0.0,0.0,0.0,0.0,0.0,-12830998.070000011
2007-01,Holladay,15219221.07,4.85,1.35,0.0,0.0,0.55,0.25,0.0,0.0,0.0,0.0,0.0,0.0,0.0,-134123873.91
2007-01,Murray,121100592.33999999,4.85,1.35,0.0,0.0,0.55,0.25,0.0,0.0,0.0,0.0,0.0,0.0,0.0,104401431.69999999
2007-01,North Salt Lake,17653133.16,4.85,1.35,0.0,0.0,0.55,0.25,0.0,0.0,0.0,0.0,0.0,0.0,0.0,-21607533.63
2007-01,Salt Lake City,402697411.87,4.7,1.35,0.0,0.0,0.55,0.25,0.0,-0.14999999999999947,0.0,0.0,0.0,0.0,0.0,377504274.62
2007-01,South Salt Lake,118007917.14999999,4.85,1.35,0.0,0.0,0.55,0.25,0.0,0.0,0.0,0.0,0.0,0.0,0.0,-71729701.69000001
2007-01,Taylorsville,38523713.39,4.85,1.35,0.0,0.0,0.55,0.25,0.0,0.0,0.0,0.0,0.0,0.0,0.0,5297416.200000003
2007-01,West Valley City,141943180.1,4.85,1.35,0.0,0.0,0.55,0.25,0.0,0.14999999999999947,0.0,0.0,0.0,0.0,0.0,-335901348.15
2007-01,Woods Cross,16900076.0,4.85,1.35,0.0,0.0,0.55,0.25,0.0,0.0,0.0,0.0,0.0,0.0,0.0,-110628616.98000011
2007-02,Bountiful,29169505.31,4.85,1.35,0.0,0.0,0.55,0.25,0.0,0.0,0.0,0.0,0.0,0.0,0.0,-51612395.109999985
2007-02,Holladay,16005843.07,4.85,1.35,0.0,0.0,0.55,0.25,0.0,0.0,0.0,0.0,0.0,0.0,0.0,-158629464.3900001
2007-02,Murray,126457351.78,4.85,1.35,0.0,0.0,0.55,0.25,0.0,0.0,0.0,0.0,0.0,0.0,0.0,106757070.12
2007-02,North Salt Lake,18073178.86,4.85,1.35,0.0,0.0,0.55,0.25,0.0,0.0,0.0,0.0,0.0,0.0,0.0,-9880211.089999992
2007-02,Salt Lake City,385468807.9600001,4.7,1.35,0.0,0.0,0.55,0.25,0.0,-0.14999999999999947,0.0,0.0,0.0,0.0,0.0,370249586.8900001
2007-02,South Salt Lake,115240425.0,4.85,1.35,0.0,0.0,0.55,0.25,0.0,0.0,0.0,0.0,0.0,0.0,0.0,-5860167.339999989
2007-02,Taylorsville,50558273.22,4.85,1.35,0.0,0.0,0.55,0.25,0.0,0.0,0.0,0.0,0.0,0.0,0.0,32905140.06
2007-02,West Valley City,125995089.2,4.85,1.35,0.0,0.0,0.55,0.25,0.0,0.14999999999999947,0.0,0.0,0.0,0.0,0.0,-276702322.67
2007-02,Woods Cross,17349819.27,4.85,1.35,0.0,0.0,0.55,0.25,0.0,0.0,0.0,0.0,0.0,0.0,0.0,-100658097.88
2007-03,Bountiful,32753310.30000001,4.85,1.35,0.0,0.0,0.55,0.25,0.0,0.0,0.0,0.0,0.0,0.0,0.0,-5770403.089999992
2007-03,Holladay,17135192.73,4.85,1.35,0.0,0.0,0.55,0.25,0.0,0.0,0.0,0.0,0.0,0.0,0.0,-124807987.36999999
2007-03,Murray,147657138.1,4.85,1.35,0.0,0.0,0.55,0.25,0.0,0.0,0.0,0.0,0.0,0.0,0.0,130757062.1
2007-03,North Salt Lake,21205593.63,4.85,1.35,0.0,0.0,0.55,0.25,0.0,0.0,0.0,0.0,0.0,0.0,0.0,-7963911.68
2007-03,Salt Lake City,442448977.92,4.7,1.35,0.0,0.0,0.55,0.25,0.0,-0.14999999999999947,0.0,0.0,0.0,0.0,0.0,426443134.85
2007-03,South Salt Lake,125835962.43,4.85,1.35,0.0,0.0,0.55,0.25,0.0,0.0,0.0,0.0,0.0,0.0,0.0,-621389.349999994
2007-03,Taylorsville,42903503.42,4.85,1.35,0.0,0.0,0.55,0.25,0.0,0.0,0.0,0.0,0.0,0.0,0.0,24830324.560000002
2007-03,West Valley City,160009501.13,4.85,1.35,0.0,0.0,0.55,0.25,0.0,0.14999999999999947,0.0,0.0,0.0,0.0,0.0,-225459306.8300001
2007-03,Woods Cross,19051100.48,4.85,1.35,0.0,0.0,0.55,0.25,0.0,0.0,0.0,0.0,0.0,0.0,0.0,-96189324.52
2007-04,Bountiful,31295104.52,4.85,1.35,0.0,0.0,0.55,0.25,0.0,0.0,0.0,0.0,0.0,0.0,0.0,-19263168.7
2007-04,Holladay,14665598.21000001,4.85,1.35,0.0,0.0,0.55,0.25,0.0,0.0,0.0,0.0,0.0,0.0,0.0,-111329490.99
2007-04,Murray,135786396.9,4.85,1.35,0.0,0.0,0.55,0.25,0.0,0.0,0.0,0.0,0.0,0.0,0.0,118436577.63000001
2007-04,North Salt Lake,20458219.69,4.85,1.35,0.0,0.0,0.55,0.25,0.0,0.0,0.0,0.0,0.0,0.0,0.0,-12295090.610000007
2007-04,Salt Lake City,405207287.6200001,4.7,1.35,0.0,0.0,0.55,0.25,0.0,-0.14999999999999947,0.0,0.0,0.0,0.0,0.0,388072094.8900001
2007-04,South Salt Lake,130166378.49,4.85,1.35,0.0,0.0,0.55,0.25,0.0,0.0,0.0,0.0,0.0,0.0,0.0,-17490759.61
2007-04,Taylorsville,37599647.53,4.85,1.35,0.0,0.0,0.55,0.25,0.0,0.0,0.0,0.0,0.0,0.0,0.0,16394053.900000002
2007-04,West Valley City,147501608.45,4.85,1.35,0.0,0.0,0.55,0.25,0.0,0.14999999999999947,0.0,0.0,0.0,0.0,0.0,-294947369.47
2007-04,Woods Cross,20239534.119999997,4.85,1.35,0.0,0.0,0.55,0.25,0.0,0.0,0.0,0.0,0.0,0.0,0.0,-105596428.31
2007-05,Bountiful,33801528.8,4.85,1.35,0.0,0.0,0.55,0.25,0.0,0.0,0.0,0.0,0.0,0.0,0.0,-9101974.620000005
2007-05,Holladay,14682777.55,4.85,1.35,0.0,0.0,0.55,0.25,0.0,0.0,0.0,0.0,0.0,0.0,0.0,-145326723.57999998
2007-05,Murray,139988309.88,4.85,1.35,0.0,0.0,0.55,0.25,0.0,0.0,0.0,0.0,0.0,0.0,0.0,120937209.39999999
2007-05,North Salt Lake,26503276.18,4.85,1.35,0.0,0.0,0.55,0.25,0.0,0.0,0.0,0.0,0.0,0.0,0.0,-4791828.34
2007-05,Salt Lake City,419735430.2199999,4.7,1.35,0.0,0.0,0.55,0.25,0.0,-0.14999999999999947,0.0,0.0,0.0,0.0,0.0,405069832.0099999
2007-05,South Salt Lake,137830929.89,4.85,1.35,0.0,0.0,0.55,0.25,0.0,0.0,0.0,0.0,0.0,0.0,0.0,2044532.9899999797
2007-05,Taylorsville,38837385.54,4.85,1.35,0.0,0.0,0.55,0.25,0.0,0.0,0.0,0.0,0.0,0.0,0.0,18379165.849999998
2007-05,West Valley City,162860443.69,4.85,1.35,0.0,0.0,0.55,0.25,0.0,0.14999999999999947,0.0,0.0,0.0,0.0,0.0,-242346843.93000013
2007-05,Woods Cross,22525598.5,4.85,1.35,0.0,0.0,0.55,0.25,0.0,0.0,0.0,0.0,0.0,0.0,0.0,-107640779.99
2007-06,Bountiful,33820019.339999996,4.85,1.35,0.0,0.0,0.55,0.25,0.0,0.0,0.0,0.0,0.0,0.0,0.0,-3779628.190000005
2007-06,Holladay,16096143.489999998,4.85,1.35,0.0,0.0,0.55,0.25,0.0,0.0,0.0,0.0,0.0,0.0,0.0,-131405464.96
2007-06,Murray,145888841.25,4.85,1.35,0.0,0.0,0.55,0.25,0.0,0.0,0.0,0.0,0.0,0.0,0.0,125649307.13
2007-06,North Salt Lake,24514037.400000002,4.85,1.35,0.0,0.0,0.55,0.25,0.0,0.0,0.0,0.0,0.0,0.0,0.0,-9287491.399999995
2007-06,Salt Lake City,430411568.3500001,4.7,1.35,0.0,0.0,0.55,0.25,0.0,-0.14999999999999947,0.0,0.0,0.0,0.0,0.0,415728790.8000001
2007-06,South Salt Lake,132390734.21000001,4.85,1.35,0.0,0.0,0.55,0.25,0.0,0.0,0.0,0.0,0.0,0.0,0.0,-7597575.669999987
2007-06,Taylorsville,41687174.16,4.85,1.35,0.0,0.0,0.55,0.25,0.0,0.0,0.0,0.0,0.0,0.0,0.0,15183897.979999997
2007-06,West Valley City,169240170.79,4.85,1.35,0.0,0.0,0.55,0.25,0.0,0.14999999999999947,0.0,0.0,0.0,0.0,0.0,-250495259.42999992
2007-06,Woods Cross,19395017.529999997,4.85,1.35,0.0,0.0,0.55,0.25,0.0,0.0,0.0,0.0,0.0,0.0,0.0,-118435912.35999998
2007-07,Bountiful,36721210.120000005,4.85,1.35,0.0,0.0,0.55,0.25,0.0,0.0,0.0,0.0,0.0,0.0,0.0,-2116175.4199999943
2007-07,Holladay,15806854.02,4.85,1.35,0.0,0.0,0.55,0.25,0.0,0.0,0.0,0.0,0.0,0.0,0.0,-147053589.67
2007-07,Murray,143862820.23999998,4.85,1.35,0.0,0.0,0.55,0.25,0.0,0.0,0.0,0.0,0.0,0.0,0.0,121337221.73999998
2007-07,North Salt Lake,21392713.98,4.85,1.35,0.0,0.0,0.55,0.25,0.0,0.0,0.0,0.0,0.0,0.0,0.0,-12427305.359999996
2007-07,Salt Lake City,430268598.65000004,4.7,1.35,0.0,0.0,0.55,0.25,0.0,-0.14999999999999947,0.0,0.0,0.0,0.0,0.0,414172455.16
2007-07,South Salt Lake,126880712.86,4.85,1.35,0.0,0.0,0.55,0.25,0.0,0.0,0.0,0.0,0.0,0.0,0.0,-19008128.39
2007-07,Taylorsville,41758397.64,4.85,1.35,0.0,0.0,0.55,0.25,0.0,0.0,0.0,0.0,0.0,0.0,0.0,17244360.24
2007-07,West Valley City,170202578.99,4.85,1.35,0.0,0.0,0.55,0.25,0.0,0.14999999999999947,0.0,0.0,0.0,0.0,0.0,-260208989.36000007
2007-07,Woods Cross,20402017.94,4.85,1.35,0.0,0.0,0.55,0.25,0.0,0.0,0.0,0.0,0.0,0.0,0.0,-111988716.27000001
2007-08,Bountiful,34255136.78,4.85,1.35,0.0,0.0,0.55,0.25,0.0,0.0,0.0,0.0,0.0,0.0,0.0,-7432037.379999995
2007-08,Holladay,17543743.2,4.85,1.35,0.0,0.0,0.55,0.25,0.0,0.0,0.0,0.0,0.0,0.0,0.0,-151696427.59
2007-08,Murray,143031750.91,4.85,1.35,0.0,0.0,0.55,0.25,0.0,0.0,0.0,0.0,0.0,0.0,0.0,123636733.38
2007-08,North Salt Lake,23438367.93,4.85,1.35,0.0,0.0,0.55,0.25,0.0,0.0,0.0,0.0,0.0,0.0,0.0,-13282842.190000005
2007-08,Salt Lake City,480578854.9899999,4.7,1.35,0.0,0.0,0.55,0.25,0.0,-0.14999999999999947,0.0,0.0,0.0,0.0,0.0,464772000.9699999
2007-08,South Salt Lake,134304967.23,4.85,1.35,0.0,0.0,0.55,0.25,0.0,0.0,0.0,0.0,0.0,0.0,0.0,-9557853.00999999
2007-08,Taylorsville,44462212.84,4.85,1.35,0.0,0.0,0.55,0.25,0.0,0.0,0.0,0.0,0.0,0.0,0.0,23069498.860000003
2007-08,West Valley City,174937471.9799999,4.85,1.35,0.0,0.0,0.55,0.25,0.0,0.14999999999999947,0.0,0.0,0.0,0.0,0.0,-255331126.67000014
2007-08,Woods Cross,22543253.18,4.85,1.35,0.0,0.0,0.55,0.25,0.0,0.0,0.0,0.0,0.0,0.0,0.0,-104337459.68
2007-09,Bountiful,32281848.349999998,4.85,1.35,0.0,0.0,0.55,0.25,0.0,0.0,0.0,0.0,0.0,0.0,0.0,-9476549.290000003
2007-09,Holladay,15025257.45,4.85,1.35,0.0,0.0,0.55,0.25,0.0,0.0,0.0,0.0,0.0,0.0,0.0,-155177321.54000002
2007-09,Murray,132520441.06,4.85,1.35,0.0,0.0,0.55,0.25,0.0,0.0,0.0,0.0,0.0,0.0,0.0,112118423.12
2007-09,North Salt Lake,21075824.09,4.85,1.35,0.0,0.0,0.55,0.25,0.0,0.0,0.0,0.0,0.0,0.0,0.0,-13179312.690000001
2007-09,Salt Lake City,428291934.21999997,4.7,1.35,0.0,0.0,0.55,0.25,0.0,-0.14999999999999947,0.0,0.0,0.0,0.0,0.0,410748191.02
2007-09,South Salt Lake,120436805.27999999,4.85,1.35,0.0,0.0,0.55,0.25,0.0,0.0,0.0,0.0,0.0,0.0,0.0,-22594945.63000001
2007-09,Taylorsville,42754710.48,4.85,1.35,0.0,0.0,0.55,0.25,0.0,0.0,0.0,0.0,0.0,0.0,0.0,19316342.549999997
2007-09,West Valley City,145519691.03,4.85,1.35,0.0,0.0,0.55,0.25,0.0,0.14999999999999947,0.0,0.0,0.0,0.0,0.0,-335059163.9599999
2007-09,Woods Cross,21704030.21,4.85,1.35,0.0,0.0,0.55,0.25,0.0,0.0,0.0,0.0,0.0,0.0,0.0,-112600937.01999998
2007-10,Bountiful,31055398.990000002,4.85,1.35,0.0,0.0,0.55,0.25,0.0,0.0,0.0,0.0,0.0,0.0,0.0,-13406813.850000001
2007-10,Holladay,15490622.56,4.85,1.35,0.0,0.0,0.55,0.25,0.0,0.0,0.0,0.0,0.0,0.0,0.0,-159446849.4199999
2007-10,Murray,135651405.99,4.85,1.35,0.0,0.0,0.55,0.25,0.0,0.0,0.0,0.0,0.0,0.0,0.0,113108152.81
2007-10,North Salt Lake,23957532.56,4.85,1.35,0.0,0.0,0.55,0.25,0.0,0.0,0.0,0.0,0.0,0.0,0.0,-8324315.789999999
2007-10,Salt Lake City,416083921.65,4.7,1.35,0.0,0.0,0.55,0.25,0.0,-0.14999999999999947,0.0,0.0,0.0,0.0,0.0,401058664.2
2007-10,South Salt Lake,133032084.65,4.85,1.35,0.0,0.0,0.55,0.25,0.0,0.0,0.0,0.0,0.0,0.0,0.0,511643.5900000036
2007-10,Taylorsville,44106224.58,4.85,1.35,0.0,0.0,0.55,0.25,0.0,0.0,0.0,0.0,0.0,0.0,0.0,23030400.49
2007-10,West Valley City,176869867.32,4.85,1.35,0.0,0.0,0.55,0.25,0.0,0.14999999999999947,0.0,0.0,0.0,0.0,0.0,-251422066.89999998
2007-10,Woods Cross,19062757.28,4.85,1.35,0.0,0.0,0.55,0.25,0.0,0.0,0.0,0.0,0.0,0.0,0.0,-101374047.99999999
2007-11,Bountiful,31749455.03,4.85,1.35,0.0,0.0,0.55,0.25,0.0,0.0,0.0,0.0,0.0,0.0,0.0,-11005255.449999996
2007-11,Holladay,14307256.78,4.85,1.35,0.0,0.0,0.55,0.25,0.0,0.0,0.0,0.0,0.0,0.0,0.0,-131212434.25
2007-11,Murray,140323006.32,4.85,1.35,0.0,0.0,0.55,0.25,0.0,0.0,0.0,0.0,0.0,0.0,0.0,118618976.10999998
2007-11,North Salt Lake,19873108.45,4.85,1.35,0.0,0.0,0.55,0.25,0.0,0.0,0.0,0.0,0.0,0.0,0.0,-11182290.540000003
2007-11,Salt Lake City,378193316.5,4.7,1.35,0.0,0.0,0.55,0.25,0.0,-0.14999999999999947,0.0,0.0,0.0,0.0,0.0,362702693.94
2007-11,South Salt Lake,120211798.21000001,4.85,1.35,0.0,0.0,0.55,0.25,0.0,0.0,0.0,0.0,0.0,0.0,0.0,-15439607.780000001
2007-11,Taylorsville,41342218.949999996,4.85,1.35,0.0,0.0,0.55,0.25,0.0,0.0,0.0,0.0,0.0,0.0,0.0,17384686.389999997
2007-11,West Valley City,190303851.18,4.85,1.35,0.0,0.0,0.55,0.25,0.0,0.14999999999999947,0.0,0.0,0.0,0.0,0.0,-225780070.46999997
2007-11,Woods Cross,18010604.69,4.85,1.35,0.0,0.0,0.55,0.25,0.0,0.0,0.0,0.0,0.0,0.0,0.0,-115021479.96000001
2007-12,Bountiful,40485223.22,4.85,1.35,0.0,0.0,0.55,0.25,0.0,0.0,0.0,0.0,0.0,0.0,0.0,-3621001.3599999994
2007-12,Holladay,20722458.080000002,4.85,1.35,0.0,0.0,0.55,0.25,0.0,0.0,0.0,0.0,0.0,0.0,0.0,-156147409.23999998
2007-12,Murray,184740613.38,4.85,1.35,0.0,0.0,0.55,0.25,0.0,0.0,0.0,0.0,0.0,0.0,0.0,165677856.1
2007-12,North Salt Lake,20838132.88,4.85,1.35,0.0,0.0,0.55,0.25,0.0,0.0,0.0,0.0,0.0,0.0,0.0,-10911322.150000002
2007-12,Salt Lake City,452299377.5,4.7,1.35,0.0,0.0,0.55,0.25,0.0,-0.14999999999999947,0.0,0.0,0.0,0.0,0.0,437992120.72
2007-12,South Salt Lake,123912395.36999999,4.85,1.35,0.0,0.0,0.55,0.25,0.0,0.0,0.0,0.0,0.0,0.0,0.0,-16410610.950000003
2007-12,Taylorsville,57106278.410000004,4.85,1.35,0.0,0.0,0.55,0.25,0.0,0.0,0.0,0.0,0.0,0.0,0.0,37233169.96000001
2007-12,West Valley City,185471948.92000002,4.85,1.35,0.0,0.0,0.55,0.25,0.0,0.14999999999999947,0.0,0.0,0.0,0.0,0.0,-192721367.57999998
2007-12,Woods Cross,18521309.13,4.85,1.35,0.0,0.0,0.55,0.25,0.0,0.0,0.0,0.0,0.0,0.0,0.0,-101690489.08000001
2008-01,Bountiful,29218462.0,4.85,1.35,0.0,0.0,0.55,0.25,0.0,0.0,0.0,0.0,0.0,0.0,0.0,-12123756.949999996
2008-01,Holladay,14082668.0,4.85,1.35,0.0,0.0,0.55,0.25,0.0,0.0,0.0,0.0,0.0,0.0,0.0,-176221183.18
2008-01,Murray,116782667.36,4.85,1.35,0.0,0.0,0.55,0.25,0.0,0.0,0.0,0.0,0.0,0.0,0.0,98772062.67
2008-01,North Salt Lake,15785516.0,4.85,1.35,0.0,0.0,0.55,0.25,0.0,0.0,0.0,0.0,0.0,0.0,0.0,-24699707.22
2008-01,Salt Lake City,410931154.78,4.7,1.35,0.0,0.0,0.55,0.25,0.0,-0.14999999999999947,0.0,0.0,0.0,0.0,0.0,390208696.7
2008-01,South Salt Lake,105233679.97,4.85,1.35,0.0,0.0,0.55,0.25,0.0,0.0,0.0,0.0,0.0,0.0,0.0,-79506933.41
2008-01,Taylorsville,42152023.0,4.85,1.35,0.0,0.0,0.55,0.25,0.0,0.0,0.0,0.0,0.0,0.0,0.0,21313890.12
2008-01,West Valley City,145883901.69,4.85,1.35,0.0,0.0,0.55,0.25,0.0,0.14999999999999947,0.0,0.0,0.0,0.0,0.0,-306415475.81
2008-01,Woods Cross,15422026.0,4.85,1.35,0.0,0.0,0.55,0.25,0.0,0.0,0.0,0.0,0.0,0.0,0.0,-108490369.36999999
2008-02,Bountiful,31427150.0,4.85,1.35,0.0,0.0,0.55,0.25,0.0,0.0,0.0,0.0,0.0,0.0,0.0,-25679128.410000004
2008-02,Holladay,14391858.0,4.85,1.35,0.0,0.0,0.55,0.25,0.0,0.0,0.0,0.0,0.0,0.0,0.0,-171080090.92000002
2008-02,Murray,132408457.0,4.85,1.35,0.0,0.0,0.55,0.25,0.0,0.0,0.0,0.0,0.0,0.0,0.0,113887147.87
2008-02,North Salt Lake,19157939.0,4.85,1.35,0.0,0.0,0.55,0.25,0.0,0.0,0.0,0.0,0.0,0.0,0.0,-10060523.0
2008-02,Salt Lake City,402860791.5,4.7,1.35,0.0,0.0,0.55,0.25,0.0,-0.14999999999999947,0.0,0.0,0.0,0.0,0.0,388778123.5
2008-02,South Salt Lake,99074570.0,4.85,1.35,0.0,0.0,0.55,0.25,0.0,0.0,0.0,0.0,0.0,0.0,0.0,-17708097.36
2008-02,Taylorsville,41952988.0,4.85,1.35,0.0,0.0,0.55,0.25,0.0,0.0,0.0,0.0,0.0,0.0,0.0,26167472.0
2008-02,West Valley City,142968487.0,4.85,1.35,0.0,0.0,0.55,0.25,0.0,0.14999999999999947,0.0,0.0,0.0,0.0,0.0,-267962667.77999997
2008-02,Woods Cross,16512646.0,4.85,1.35,0.0,0.0,0.55,0.25,0.0,0.0,0.0,0.0,0.0,0.0,0.0,-88721033.97
2008-03,Bountiful,39962866.0,4.85,1.35,0.0,0.0,0.55,0.25,0.0,0.0,0.0,0.0,0.0,0.0,0.0,-2189157.0
2008-03,Holladay,15491465.0,4.85,1.35,0.0,0.0,0.55,0.25,0.0,0.0,0.0,0.0,0.0,0.0,0.0,-130392436.69
2008-03,Murray,137939496.0,4.85,1.35,0.0,0.0,0.55,0.25,0.0,0.0,0.0,0.0,0.0,0.0,0.0,122517470.0
2008-03,North Salt Lake,22718530.0,4.85,1.35,0.0,0.0,0.55,0.25,0.0,0.0,0.0,0.0,0.0,0.0,0.0,-8708620.0
2008-03,Salt Lake City,442791799.0,4.7,1.35,0.0,0.0,0.55,0.25,0.0,-0.14999999999999947,0.0,0.0,0.0,0.0,0.0,428399941.0
2008-03,South Salt Lake,114702662.0,4.85,1.35,0.0,0.0,0.55,0.25,0.0,0.0,0.0,0.0,0.0,0.0,0.0,-17705795.0
2008-03,Taylorsville,45072667.0,4.85,1.35,0.0,0.0,0.55,0.25,0.0,0.0,0.0,0.0,0.0,0.0,0.0,25914728.0
2008-03,West Valley City,164853819.0,4.85,1.35,0.0,0.0,0.55,0.25,0.0,0.14999999999999947,0.0,0.0,0.0,0.0,0.0,-238006972.5
2008-03,Woods Cross,14167912.0,4.85,1.35,0.0,0.0,0.55,0.25,0.0,0.0,0.0,0.0,0.0,0.0,0.0,-84906658.0
2008-04,Bountiful,40875526.0,4.85,1.35,0.0,0.0,0.55,0.25,0.0,0.0,0.0,0.0,0.0,0.0,0.0,-1077462.0
2008-04,Holladay,13958892.0,4.85,1.35,0.0,0.0,0.55,0.25,0.0,0.0,0.0,0.0,0.0,0.0,0.0,-129009595.0
2008-04,Murray,126849650.0,4.85,1.35,0.0,0.0,0.55,0.25,0.0,0.0,0.0,0.0,0.0,0.0,0.0,110337004.0
2008-04,North Salt Lake,20920184.0,4.85,1.35,0.0,0.0,0.55,0.25,0.0,0.0,0.0,0.0,0.0,0.0,0.0,-19042682.0
2008-04,Salt Lake City,417421365.0,4.7,1.35,0.0,0.0,0.55,0.25,0.0,-0.14999999999999947,0.0,0.0,0.0,0.0,0.0,401929900.0
2008-04,South Salt Lake,110030152.0,4.85,1.35,0.0,0.0,0.55,0.25,0.0,0.0,0.0,0.0,0.0,0.0,0.0,-27909344.0
2008-04,Taylorsville,41568768.0,4.85,1.35,0.0,0.0,0.55,0.25,0.0,0.0,0.0,0.0,0.0,0.0,0.0,18850238.0
2008-04,West Valley City,144173098.0,4.85,1.35,0.0,0.0,0.55,0.25,0.0,0.14999999999999947,0.0,0.0,0.0,0.0,0.0,-298618701.0
2008-04,Woods Cross,11131158.0,4.85,1.35,0.0,0.0,0.55,0.25,0.0,0.0,0.0,0.0,0.0,0.0,0.0,-103571504.0
2008-05,Bountiful,61684110.0,4.85,1.35,0.0,0.0,0.55,0.25,0.0,0.0,0.0,0.0,0.0,0.0,0.0,16611443.0
2008-05,Holladay,28298443.0,4.85,1.35,0.0,0.0,0.55,0.25,0.0,0.0,0.0,0.0,0.0,0.0,0.0,-136555376.0
2008-05,Murray,173368512.0,4.85,1.35,0.0,0.0,0.55,0.25,0.0,0.0,0.0,0.0,0.0,0.0,0.0,159200600.0
2008-05,North Salt Lake,27465361.0,4.85,1.35,0.0,0.0,0.55,0.25,0.0,0.0,0.0,0.0,0.0,0.0,0.0,-13410165.0
2008-05,Salt Lake City,606008548.0,4.7,1.35,0.0,0.0,0.55,0.25,0.0,-0.14999999999999947,0.0,0.0,0.0,0.0,0.0,592049656.0
2008-05,South Salt Lake,131607202.0,4.85,1.35,0.0,0.0,0.55,0.25,0.0,0.0,0.0,0.0,0.0,0.0,0.0,4757552.0
2008-05,Taylorsville,72930324.0,4.85,1.35,0.0,0.0,0.55,0.25,0.0,0.0,0.0,0.0,0.0,0.0,0.0,52010140.0
2008-05,West Valley City,212936625.0,4.85,1.35,0.0,0.0,0.55,0.25,0.0,0.14999999999999947,0.0,0.0,0.0,0.0,0.0,-204484740.0
2008-05,Woods Cross,18029345.0,4.85,1.35,0.0,0.0,0.55,0.25,0.0,0.0,0.0,0.0,0.0,0.0,0.0,-92000807.0
2008-06,Bountiful,39235082.0,4.85,1.35,0.0,0.0,0.55,0.25,0.0,0.0,0.0,0.0,0.0,0.0,0.0,-2333686.0
2008-06,Holladay,17134391.0,4.85,1.35,0.0,0.0,0.55,0.25,0.0,0.0,0.0,0.0,0.0,0.0,0.0,-127038707.0
2008-06,Murray,139944018.0,4.85,1.35,0.0,0.0,0.55,0.25,0.0,0.0,0.0,0.0,0.0,0.0,0.0,128812860.0
2008-06,North Salt Lake,20641355.0,4.85,1.35,0.0,0.0,0.55,0.25,0.0,0.0,0.0,0.0,0.0,0.0,0.0,-41042755.0
2008-06,Salt Lake City,370344771.0,4.7,1.35,0.0,0.0,0.55,0.25,0.0,-0.14999999999999947,0.0,0.0,0.0,0.0,0.0,342046328.0
2008-06,South Salt Lake,136880718.0,4.85,1.35,0.0,0.0,0.55,0.25,0.0,0.0,0.0,0.0,0.0,0.0,0.0,-36487794.0
2008-06,Taylorsville,50873849.0,4.85,1.35,0.0,0.0,0.55,0.25,0.0,0.0,0.0,0.0,0.0,0.0,0.0,23408488.0
2008-06,West Valley City,165649690.0,4.85,1.35,0.0,0.0,0.55,0.25,0.0,0.14999999999999947,0.0,0.0,0.0,0.0,0.0,-440358858.0
2008-06,Woods Cross,14777914.0,4.85,1.35,0.0,0.0,0.55,0.25,0.0,0.0,0.0,0.0,0.0,0.0,0.0,-116829288.0
2008-07,Bountiful,38643216.0,4.85,1.35,0.0,0.0,0.55,0.25,0.0,0.0,0.0,0.0,0.0,0.0,0.0,-34287108.0
2008-07,Holladay,14714633.0,4.85,1.35,0.0,0.0,0.55,0.25,0.0,0.0,0.0,0.0,0.0,0.0,0.0,-198221992.0
2008-07,Murray,135237586.0,4.85,1.35,0.0,0.0,0.55,0.25,0.0,0.0,0.0,0.0,0.0,0.0,0.0,117208241.0
2008-07,North Salt Lake,19705975.0,4.85,1.35,0.0,0.0,0.55,0.25,0.0,0.0,0.0,0.0,0.0,0.0,0.0,-19529107.0
2008-07,Salt Lake City,429433596.0,4.7,1.35,0.0,0.0,0.55,0.25,0.0,-0.14999999999999947,0.0,0.0,0.0,0.0,0.0,412299205.0
2008-07,South Salt Lake,119931624.0,4.85,1.35,0.0,0.0,0.55,0.25,0.0,0.0,0.0,0.0,0.0,0.0,0.0,-20012394.0
2008-07,Taylorsville,43133341.0,4.85,1.35,0.0,0.0,0.55,0.25,0.0,0.0,0.0,0.0,0.0,0.0,0.0,22491986.0
2008-07,West Valley City,151768549.0,4.85,1.35,0.0,0.0,0.55,0.25,0.0,0.14999999999999947,0.0,0.0,0.0,0.0,0.0,-218576222.0
2008-07,Woods Cross,13245741.0,4.85,1.35,0.0,0.0,0.55,0.25,0.0,0.0,0.0,0.0,0.0,0.0,0.0,-123634977.0
2008-08,Bountiful,41718124.0,4.85,1.35,0.0,0.0,0.55,0.25,0.0,0.0,0.0,0.0,0.0,0.0,0.0,-9155725.0
2008-08,Holladay,15102386.0,4.85,1.35,0.0,0.0,0.55,0.25,0.0,0.0,0.0,0.0,0.0,0.0,0.0,-150547304.0
2008-08,Murray,147460939.0,4.85,1.35,0.0,0.0,0.55,0.25,0.0,0.0,0.0,0.0,0.0,0.0,0.0,132683025.0
2008-08,North Salt Lake,23049364.0,4.85,1.35,0.0,0.0,0.55,0.25,0.0,0.0,0.0,0.0,0.0,0.0,0.0,-15593852.0
2008-08,Salt Lake City,465595985.0,4.7,1.35,0.0,0.0,0.55,0.25,0.0,-0.14999999999999947,0.0,0.0,0.0,0.0,0.0,450881352.0
2008-08,South Salt Lake,115263923.0,4.85,1.35,0.0,0.0,0.55,0.25,0.0,0.0,0.0,0.0,0.0,0.0,0.0,-19973663.0
2008-08,Taylorsville,44521536.0,4.85,1.35,0.0,0.0,0.55,0.25,0.0,0.0,0.0,0.0,0.0,0.0,0.0,24815561.0
2008-08,West Valley City,164057604.0,4.85,1.35,0.0,0.0,0.55,0.25,0.0,0.14999999999999947,0.0,0.0,0.0,0.0,0.0,-265375992.0
2008-08,Woods Cross,14362919.0,4.85,1.35,0.0,0.0,0.55,0.25,0.0,0.0,0.0,0.0,0.0,0.0,0.0,-105568705.0
2008-09,Bountiful,36503281.0,4.85,1.35,0.0,0.0,0.55,0.25,0.0,0.0,0.0,0.0,0.0,0.0,0.0,-6630060.0
2008-09,Holladay,15568197.0,4.85,1.35,0.0,0.0,0.55,0.25,0.0,0.0,0.0,0.0,0.0,0.0,0.0,-136200352.0
2008-09,Murray,127479249.0,4.85,1.35,0.0,0.0,0.55,0.25,0.0,0.0,0.0,0.0,0.0,0.0,0.0,114233508.0
2008-09,North Salt Lake,22220148.0,4.85,1.35,0.0,0.0,0.55,0.25,0.0,0.0,0.0,0.0,0.0,0.0,0.0,-19497976.0
2008-09,Salt Lake City,449797579.0,4.7,1.35,0.0,0.0,0.55,0.25,0.0,-0.14999999999999947,0.0,0.0,0.0,0.0,0.0,434695193.0
2008-09,South Salt Lake,119909944.0,4.85,1.35,0.0,0.0,0.55,0.25,0.0,0.0,0.0,0.0,0.0,0.0,0.0,-27550995.0
2008-09,Taylorsville,40648919.0,4.85,1.35,0.0,0.0,0.55,0.25,0.0,0.0,0.0,0.0,0.0,0.0,0.0,17599555.0
2008-09,West Valley City,148635335.0,4.85,1.35,0.0,0.0,0.55,0.25,0.0,0.14999999999999947,0.0,0.0,0.0,0.0,0.0,-316960650.0
2008-09,Woods Cross,13894465.0,4.85,1.35,0.0,0.0,0.55,0.25,0.0,0.0,0.0,0.0,0.0,0.0,0.0,-101369458.0
2008-10,Bountiful,32032083.0,4.85,1.35,0.0,0.0,0.55,0.25,0.0,0.0,0.0,0.0,0.0,0.0,0.0,-12489453.0
2008-10,Holladay,12919651.0,4.85,1.35,0.0,0.0,0.55,0.25,0.0,0.0,0.0,0.0,0.0,0.0,0.0,-151137953.0
2008-10,Murray,116167545.0,4.85,1.35,0.0,0.0,0.55,0.25,0.0,0.0,0.0,0.0,0.0,0.0,0.0,101804626.0
2008-10,North Salt Lake,20116919.0,4.85,1.35,0.0,0.0,0.55,0.25,0.0,0.0,0.0,0.0,0.0,0.0,0.0,-16386362.0
2008-10,Salt Lake City,393652029.0,4.7,1.35,0.0,0.0,0.55,0.25,0.0,-0.14999999999999947,0.0,0.0,0.0,0.0,0.0,378083832.0
2008-10,South Salt Lake,108622311.0,4.85,1.35,0.0,0.0,0.55,0.25,0.0,0.0,0.0,0.0,0.0,0.0,0.0,-18856938.0
2008-10,Taylorsville,38831971.0,4.85,1.35,0.0,0.0,0.55,0.25,0.0,0.0,0.0,0.0,0.0,0.0,0.0,16611823.0
2008-10,West Valley City,144292352.0,4.85,1.35,0.0,0.0,0.55,0.25,0.0,0.14999999999999947,0.0,0.0,0.0,0.0,0.0,-305505227.0
2008-10,Woods Cross,11262438.0,4.85,1.35,0.0,0.0,0.55,0.25,0.0,0.0,0.0,0.0,0.0,0.0,0.0,-108647506.0
2008-11,Bountiful,32925332.0,4.85,1.35,0.0,0.0,0.55,0.25,0.0,0.0,0.0,0.0,0.0,0.0,0.0,-7723587.0
2008-11,Holladay,13995376.0,4.85,1.35,0.0,0.0,0.55,0.25,0.0,0.0,0.0,0.0,0.0,0.0,0.0,-134639959.0
2008-11,Murray,124385493.0,4.85,1.35,0.0,0.0,0.55,0.25,0.0,0.0,0.0,0.0,0.0,0.0,0.0,110491028.0
2008-11,North Salt Lake,15048578.0,4.85,1.35,0.0,0.0,0.55,0.25,0.0,0.0,0.0,0.0,0.0,0.0,0.0,-16983505.0
2008-11,Salt Lake City,365540469.0,4.7,1.35,0.0,0.0,0.55,0.25,0.0,-0.14999999999999947,0.0,0.0,0.0,0.0,0.0,352620818.0
2008-11,South Salt Lake,97360011.0,4.85,1.35,0.0,0.0,0.55,0.25,0.0,0.0,0.0,0.0,0.0,0.0,0.0,-18807534.0
2008-11,Taylorsville,41156644.0,4.85,1.35,0.0,0.0,0.55,0.25,0.0,0.0,0.0,0.0,0.0,0.0,0.0,21039725.0
2008-11,West Valley City,140114748.0,4.85,1.35,0.0,0.0,0.55,0.25,0.0,0.14999999999999947,0.0,0.0,0.0,0.0,0.0,-253537281.0
2008-11,Woods Cross,10703336.0,4.85,1.35,0.0,0.0,0.55,0.25,0.0,0.0,0.0,0.0,0.0,0.0,0.0,-97918975.0
2008-12,Bountiful,41196508.0,4.85,1.35,0.0,0.0,0.55,0.25,0.0,0.0,0.0,0.0,0.0,0.0,0.0,2364537.0
2008-12,Holladay,20010578.0,4.85,1.35,0.0,0.0,0.55,0.25,0.0,0.0,0.0,0.0,0.0,0.0,0.0,-124281774.0
2008-12,Murray,160155658.0,4.85,1.35,0.0,0.0,0.55,0.25,0.0,0.0,0.0,0.0,0.0,0.0,0.0,148893220.0
2008-12,North Salt Lake,18343335.0,4.85,1.35,0.0,0.0,0.55,0.25,0.0,0.0,0.0,0.0,0.0,0.0,0.0,-14581997.0
2008-12,Salt Lake City,446334616.0,4.7,1.35,0.0,0.0,0.55,0.25,0.0,-0.14999999999999947,0.0,0.0,0.0,0.0,0.0,432339240.0
2008-12,South Salt Lake,108963406.0,4.85,1.35,0.0,0.0,0.55,0.25,0.0,0.0,0.0,0.0,0.0,0.0,0.0,-15422087.0
2008-12,Taylorsville,50535636.0,4.85,1.35,0.0,0.0,0.55,0.25,0.0,0.0,0.0,0.0,0.0,0.0,0.0,35487058.0
2008-12,West Valley City,168813066.0,4.85,1.35,0.0,0.0,0.55,0.25,0.0,0.14999999999999947,0.0,0.0,0.0,0.0,0.0,-196727403.0
2008-12,Woods Cross,13991277.0,4.85,1.35,0.0,0.0,0.55,0.25,0.0,0.0,0.0,0.0,0.0,0.0,0.0,-83368734.0
2009-01,Bountiful,30953296.0,4.85,1.35,0.0,0.0,0.55,0.25,0.0,0.0,0.0,0.0,0.0,0.0,0.0,-10203348.0
2009-01,Holladay,14857010.0,4.85,1.35,0.0,0.0,0.55,0.25,0.0,0.0,0.0,0.0,0.0,0.0,0.0,-125257738.0
2009-01,Murray,107524790.0,4.85,1.35,0.0,0.0,0.55,0.25,0.0,0.0,0.0,0.0,0.0,0.0,0.0,96821454.0
2009-01,North Salt Lake,22060609.0,4.85,1.35,0.0,0.0,0.55,0.25,0.0,0.0,0.0,0.0,0.0,0.0,0.0,-19135899.0
2009-01,Salt Lake City,380414490.0,4.7,1.35,0.0,0.0,0.55,0.25,0.0,-0.14999999999999947,0.0,0.0,0.0,0.0,0.0,360403912.0
2009-01,South Salt Lake,87051537.0,4.85,1.35,0.0,0.0,0.55,0.25,0.0,0.0,0.0,0.0,0.0,0.0,0.0,-73104121.0
2009-01,Taylorsville,39829819.0,4.85,1.35,0.0,0.0,0.55,0.25,0.0,0.0,0.0,0.0,0.0,0.0,0.0,21486484.0
2009-01,West Valley City,125376089.0,4.85,1.35,0.0,0.0,0.55,0.25,0.0,0.14999999999999947,0.0,0.0,0.0,0.0,0.0,-320958527.0
2009-01,Woods Cross,13009468.0,4.85,1.35,0.0,0.0,0.55,0.25,0.0,0.0,0.0,0.0,0.0,0.0,0.0,-95953938.0
2009-02,Bountiful,30501821.0,4.85,1.35,0.0,0.0,0.55,0.25,0.0,0.0,0.0,0.0,0.0,0.0,0.0,-20033815.0
2009-02,Holladay,14066340.0,4.85,1.35,0.0,0.0,0.55,0.25,0.0,0.0,0.0,0.0,0.0,0.0,0.0,-154746726.0
2009-02,Murray,102647909.0,4.85,1.35,0.0,0.0,0.55,0.25,0.0,0.0,0.0,0.0,0.0,0.0,0.0,88656632.0
2009-02,North Salt Lake,14212412.0,4.85,1.35,0.0,0.0,0.55,0.25,0.0,0.0,0.0,0.0,0.0,0.0,0.0,-16740884.0
2009-02,Salt Lake City,365604060.0,4.7,1.35,0.0,0.0,0.55,0.25,0.0,-0.14999999999999947,0.0,0.0,0.0,0.0,0.0,350747050.0
2009-02,South Salt Lake,80191490.0,4.85,1.35,0.0,0.0,0.55,0.25,0.0,0.0,0.0,0.0,0.0,0.0,0.0,-27333300.0
2009-02,Taylorsville,37084886.0,4.85,1.35,0.0,0.0,0.55,0.25,0.0,0.0,0.0,0.0,0.0,0.0,0.0,15024277.0
2009-02,West Valley City,122283245.0,4.85,1.35,0.0,0.0,0.55,0.25,0.0,0.14999999999999947,0.0,0.0,0.0,0.0,0.0,-258131245.0
2009-02,Woods Cross,12680919.0,4.85,1.35,0.0,0.0,0.55,0.25,0.0,0.0,0.0,0.0,0.0,0.0,0.0,-74370618.0
2009-03,Bountiful,32358030.0,4.85,1.35,0.0,0.0,0.55,0.25,0.0,0.0,0.0,0.0,0.0,0.0,0.0,-7471789.0
2009-03,Holladay,14168905.0,4.85,1.35,0.0,0.0,0.55,0.25,0.0,0.0,0.0,0.0,0.0,0.0,0.0,-111207184.0
2009-03,Murray,115561563.0,4.85,1.35,0.0,0.0,0.55,0.25,0.0,0.0,0.0,0.0,0.0,0.0,0.0,102552095.0
2009-03,North Salt Lake,16969783.0,4.85,1.35,0.0,0.0,0.55,0.25,0.0,0.0,0.0,0.0,0.0,0.0,0.0,-13532038.0
2009-03,Salt Lake City,388620730.0,4.7,1.35,0.0,0.0,0.55,0.25,0.0,-0.14999999999999947,0.0,0.0,0.0,0.0,0.0,374554390.0
2009-03,South Salt Lake,96702656.0,4.85,1.35,0.0,0.0,0.55,0.25,0.0,0.0,0.0,0.0,0.0,0.0,0.0,-5945253.0
2009-03,Taylorsville,38622123.0,4.85,1.35,0.0,0.0,0.55,0.25,0.0,0.0,0.0,0.0,0.0,0.0,0.0,24409711.0
2009-03,West Valley City,131291252.0,4.85,1.35,0.0,0.0,0.55,0.25,0.0,0.14999999999999947,0.0,0.0,0.0,0.0,0.0,-234312808.0
2009-03,Woods Cross,13429111.0,4.85,1.35,0.0,0.0,0.55,0.25,0.0,0.0,0.0,0.0,0.0,0.0,0.0,-66762379.0
2009-04,Bountiful,29553853.0,4.85,1.35,0.0,0.0,0.55,0.25,0.0,0.0,0.0,0.0,0.0,0.0,0.0,-7531033.0
2009-04,Holladay,12387648.0,4.85,1.35,0.0,0.0,0.55,0.25,0.0,0.0,0.0,0.0,0.0,0.0,0.0,-109895597.0
2009-04,Murray,106622996.0,4.85,1.35,0.0,0.0,0.55,0.25,0.0,0.0,0.0,0.0,0.0,0.0,0.0,93942077.0
2009-04,North Salt Lake,15828928.0,4.85,1.35,0.0,0.0,0.55,0.25,0.0,0.0,0.0,0.0,0.0,0.0,0.0,-16529102.0
2009-04,Salt Lake City,349722877.0,4.7,1.35,0.0,0.0,0.55,0.25,0.0,-0.14999999999999947,0.0,0.0,0.0,0.0,0.0,335553972.0
2009-04,South Salt Lake,87124015.0,4.85,1.35,0.0,0.0,0.55,0.25,0.0,0.0,0.0,0.0,0.0,0.0,0.0,-28437548.0
2009-04,Taylorsville,37565908.0,4.85,1.35,0.0,0.0,0.55,0.25,0.0,0.0,0.0,0.0,0.0,0.0,0.0,20596125.0
2009-04,West Valley City,121726521.0,4.85,1.35,0.0,0.0,0.55,0.25,0.0,0.14999999999999947,0.0,0.0,0.0,0.0,0.0,-266894209.0
2009-04,Woods Cross,12942852.0,4.85,1.35,0.0,0.0,0.55,0.25,0.0,0.0,0.0,0.0,0.0,0.0,0.0,-83759804.0
2009-05,Bountiful,31309755.0,4.85,1.35,0.0,0.0,0.55,0.25,0.0,0.0,0.0,0.0,0.0,0.0,0.0,-7312368.0
2009-05,Holladay,12626448.0,4.85,1.35,0.0,0.0,0.55,0.25,0.0,0.0,0.0,0.0,0.0,0.0,0.0,-118664804.0
2009-05,Murray,109601890.0,4.85,1.35,0.0,0.0,0.55,0.25,0.0,0.0,0.0,0.0,0.0,0.0,0.0,96172779.0
2009-05,North Salt Lake,15283781.0,4.85,1.35,0.0,0.0,0.55,0.25,0.0,0.0,0.0,0.0,0.0,0.0,0.0,-14270072.0
2009-05,Salt Lake City,344995311.0,4.7,1.35,0.0,0.0,0.55,0.25,0.0,-0.14999999999999947,0.0,0.0,0.0,0.0,0.0,332607663.0
2009-05,South Salt Lake,86471192.0,4.85,1.35,0.0,0.0,0.55,0.25,0.0,0.0,0.0,0.0,0.0,0.0,0.0,-20151804.0
2009-05,Taylorsville,37376014.0,4.85,1.35,0.0,0.0,0.55,0.25,0.0,0.0,0.0,0.0,0.0,0.0,0.0,21547086.0
2009-05,West Valley City,129053327.0,4.85,1.35,0.0,0.0,0.55,0.25,0.0,0.14999999999999947,0.0,0.0,0.0,0.0,0.0,-220669550.0
2009-05,Woods Cross,14052428.0,4.85,1.35,0.0,0.0,0.55,0.25,0.0,0.0,0.0,0.0,0.0,0.0,0.0,-73071587.0
2009-06,Bountiful,33041989.0,4.85,1.35,0.0,0.0,0.55,0.25,0.0,0.0,0.0,0.0,0.0,0.0,0.0,-4523919.0
2009-06,Holladay,14957571.0,4.85,1.35,0.0,0.0,0.55,0.25,0.0,0.0,0.0,0.0,0.0,0.0,0.0,-106768950.0
2009-06,Murray,113512295.0,4.85,1.35,0.0,0.0,0.55,0.25,0.0,0.0,0.0,0.0,0.0,0.0,0.0,100569443.0
2009-06,North Salt Lake,16901497.0,4.85,1.35,0.0,0.0,0.55,0.25,0.0,0.0,0.0,0.0,0.0,0.0,0.0,-14408258.0
2009-06,Salt Lake City,378490477.0,4.7,1.35,0.0,0.0,0.55,0.25,0.0,-0.14999999999999947,0.0,0.0,0.0,0.0,0.0,365864029.0
2009-06,South Salt Lake,95455582.0,4.85,1.35,0.0,0.0,0.55,0.25,0.0,0.0,0.0,0.0,0.0,0.0,0.0,-14146308.0
2009-06,Taylorsville,38165043.0,4.85,1.35,0.0,0.0,0.55,0.25,0.0,0.0,0.0,0.0,0.0,0.0,0.0,22881262.0
2009-06,West Valley City,127888650.0,4.85,1.35,0.0,0.0,0.55,0.25,0.0,0.14999999999999947,0.0,0.0,0.0,0.0,0.0,-217106661.0
2009-06,Woods Cross,18018142.0,4.85,1.35,0.0,0.0,0.55,0.25,0.0,0.0,0.0,0.0,0.0,0.0,0.0,-68453050.0
2009-07,Bountiful,31239240.0,4.85,1.35,0.0,0.0,0.55,0.25,0.0,0.0,0.0,0.0,0.0,0.0,0.0,-6136774.0
2009-07,Holladay,13828948.0,4.85,1.35,0.0,0.0,0.55,0.25,0.0,0.0,0.0,0.0,0.0,0.0,0.0,-115224379.0
2009-07,Murray,114384109.0,4.85,1.35,0.0,0.0,0.55,0.25,0.0,0.0,0.0,0.0,0.0,0.0,0.0,100331681.0
2009-07,North Salt Lake,15606832.0,4.85,1.35,0.0,0.0,0.55,0.25,0.0,0.0,0.0,0.0,0.0,0.0,0.0,-17435157.0
2009-07,Salt Lake City,382578528.0,4.7,1.35,0.0,0.0,0.55,0.25,0.0,-0.14999999999999947,0.0,0.0,0.0,0.0,0.0,367620957.0
2009-07,South Salt Lake,88568850.0,4.85,1.35,0.0,0.0,0.55,0.25,0.0,0.0,0.0,0.0,0.0,0.0,0.0,-24943445.0
2009-07,Taylorsville,38066406.0,4.85,1.35,0.0,0.0,0.55,0.25,0.0,0.0,0.0,0.0,0.0,0.0,0.0,21164909.0
2009-07,West Valley City,133462197.0,4.85,1.35,0.0,0.0,0.55,0.25,0.0,0.14999999999999947,0.0,0.0,0.0,0.0,0.0,-245028280.0
2009-07,Woods Cross,17330337.0,4.85,1.35,0.0,0.0,0.55,0.25,0.0,0.0,0.0,0.0,0.0,0.0,0.0,-78125245.0
2009-08,Bountiful,34970625.0,4.85,1.35,0.0,0.0,0.55,0.25,0.0,0.0,0.0,0.0,0.0,0.0,0.0,-3194418.0
2009-08,Holladay,14012522.0,4.85,1.35,0.0,0.0,0.55,0.25,0.0,0.0,0.0,0.0,0.0,0.0,0.0,-113876128.0
2009-08,Murray,123120754.0,4.85,1.35,0.0,0.0,0.55,0.25,0.0,0.0,0.0,0.0,0.0,0.0,0.0,105102612.0
2009-08,North Salt Lake,15801292.0,4.85,1.35,0.0,0.0,0.55,0.25,0.0,0.0,0.0,0.0,0.0,0.0,0.0,-15437948.0
2009-08,Salt Lake City,391881671.0,4.7,1.35,0.0,0.0,0.55,0.25,0.0,-0.14999999999999947,0.0,0.0,0.0,0.0,0.0,378052723.0
2009-08,South Salt Lake,84076736.0,4.85,1.35,0.0,0.0,0.55,0.25,0.0,0.0,0.0,0.0,0.0,0.0,0.0,-30307373.0
2009-08,Taylorsville,38132808.0,4.85,1.35,0.0,0.0,0.55,0.25,0.0,0.0,0.0,0.0,0.0,0.0,0.0,22525976.0
2009-08,West Valley City,135559235.0,4.85,1.35,0.0,0.0,0.55,0.25,0.0,0.14999999999999947,0.0,0.0,0.0,0.0,0.0,-247019293.0
2009-08,Woods Cross,18564062.0,4.85,1.35,0.0,0.0,0.55,0.25,0.0,0.0,0.0,0.0,0.0,0.0,0.0,-70004788.0
2009-09,Bountiful,29144181.0,4.85,1.35,0.0,0.0,0.55,0.25,0.0,0.0,0.0,0.0,0.0,0.0,0.0,-8922225.0
2009-09,Holladay,13618218.0,4.85,1.35,0.0,0.0,0.55,0.25,0.0,0.0,0.0,0.0,0.0,0.0,0.0,-119843979.0
2009-09,Murray,105893836.0,4.85,1.35,0.0,0.0,0.55,0.25,0.0,0.0,0.0,0.0,0.0,0.0,0.0,88563499.0
2009-09,North Salt Lake,14195078.0,4.85,1.35,0.0,0.0,0.55,0.25,0.0,0.0,0.0,0.0,0.0,0.0,0.0,-20775547.0
2009-09,Salt Lake City,382115667.0,4.7,1.35,0.0,0.0,0.55,0.25,0.0,-0.14999999999999947,0.0,0.0,0.0,0.0,0.0,368103145.0
2009-09,South Salt Lake,90055766.0,4.85,1.35,0.0,0.0,0.55,0.25,0.0,0.0,0.0,0.0,0.0,0.0,0.0,-33064988.0
2009-09,Taylorsville,36363161.0,4.85,1.35,0.0,0.0,0.55,0.25,0.0,0.0,0.0,0.0,0.0,0.0,0.0,20561869.0
2009-09,West Valley City,128071857.0,4.85,1.35,0.0,0.0,0.55,0.25,0.0,0.14999999999999947,0.0,0.0,0.0,0.0,0.0,-263809814.0
2009-09,Woods Cross,16559769.0,4.85,1.35,0.0,0.0,0.55,0.25,0.0,0.0,0.0,0.0,0.0,0.0,0.0,-67516967.0
2009-10,Bountiful,27458452.0,4.85,1.35,0.0,0.0,0.55,0.25,0.0,0.0,0.0,0.0,0.0,0.0,0.0,-10674356.0
2009-10,Holladay,11664548.0,4.85,1.35,0.0,0.0,0.55,0.25,0.0,0.0,0.0,0.0,0.0,0.0,0.0,-123894687.0
2009-10,Murray,107698282.0,4.85,1.35,0.0,0.0,0.55,0.25,0.0,0.0,0.0,0.0,0.0,0.0,0.0,89134220.0
2009-10,North Salt Lake,14306302.0,4.85,1.35,0.0,0.0,0.55,0.25,0.0,0.0,0.0,0.0,0.0,0.0,0.0,-14837879.0
2009-10,Salt Lake City,346437249.0,4.7,1.35,0.0,0.0,0.55,0.25,0.0,-0.14999999999999947,0.0,0.0,0.0,0.0,0.0,332819031.0
2009-10,South Salt Lake,94623957.0,4.85,1.35,0.0,0.0,0.55,0.25,0.0,0.0,0.0,0.0,0.0,0.0,0.0,-11269879.0
2009-10,Taylorsville,30176460.0,4.85,1.35,0.0,0.0,0.55,0.25,0.0,0.0,0.0,0.0,0.0,0.0,0.0,15981382.0
2009-10,West Valley City,116883707.0,4.85,1.35,0.0,0.0,0.55,0.25,0.0,0.14999999999999947,0.0,0.0,0.0,0.0,0.0,-265231960.0
2009-10,Woods Cross,13488304.0,4.85,1.35,0.0,0.0,0.55,0.25,0.0,0.0,0.0,0.0,0.0,0.0,0.0,-76567462.0
2009-11,Bountiful,26965388.0,4.85,1.35,0.0,0.0,0.55,0.25,0.0,0.0,0.0,0.0,0.0,0.0,0.0,-9397773.0
2009-11,Holladay,11405448.0,4.85,1.35,0.0,0.0,0.55,0.25,0.0,0.0,0.0,0.0,0.0,0.0,0.0,-116666409.0
2009-11,Murray,106501577.0,4.85,1.35,0.0,0.0,0.55,0.25,0.0,0.0,0.0,0.0,0.0,0.0,0.0,89941808.0
2009-11,North Salt Lake,13505856.0,4.85,1.35,0.0,0.0,0.55,0.25,0.0,0.0,0.0,0.0,0.0,0.0,0.0,-13952596.0
2009-11,Salt Lake City,325629728.0,4.7,1.35,0.0,0.0,0.55,0.25,0.0,-0.14999999999999947,0.0,0.0,0.0,0.0,0.0,313965180.0
2009-11,South Salt Lake,81244097.0,4.85,1.35,0.0,0.0,0.55,0.25,0.0,0.0,0.0,0.0,0.0,0.0,0.0,-26454185.0
2009-11,Taylorsville,34424720.0,4.85,1.35,0.0,0.0,0.55,0.25,0.0,0.0,0.0,0.0,0.0,0.0,0.0,20118418.0
2009-11,West Valley City,118670341.0,4.85,1.35,0.0,0.0,0.55,0.25,0.0,0.14999999999999947,0.0,0.0,0.0,0.0,0.0,-227766908.0
2009-11,Woods Cross,11480939.0,4.85,1.35,0.0,0.0,0.55,0.25,0.0,0.0,0.0,0.0,0.0,0.0,0.0,-83143018.0
2009-12,Bountiful,40279812.0,4.85,1.35,0.0,0.0,0.55,0.25,0.0,0.0,0.0,0.0,0.0,0.0,0.0,10103352.0
2009-12,Holladay,20949021.0,4.85,1.35,0.0,0.0,0.55,0.25,0.0,0.0,0.0,0.0,0.0,0.0,0.0,-95934686.0
2009-12,Murray,156134306.0,4.85,1.35,0.0,0.0,0.55,0.25,0.0,0.0,0.0,0.0,0.0,0.0,0.0,142646002.0
2009-12,North Salt Lake,21235974.0,4.85,1.35,0.0,0.0,0.55,0.25,0.0,0.0,0.0,0.0,0.0,0.0,0.0,-5729414.0
2009-12,Salt Lake City,463398660.0,4.7,1.35,0.0,0.0,0.55,0.25,0.0,-0.14999999999999947,0.0,0.0,0.0,0.0,0.0,451993212.0
2009-12,South Salt Lake,96295968.0,4.85,1.35,0.0,0.0,0.55,0.25,0.0,0.0,0.0,0.0,0.0,0.0,0.0,-10205609.0
2009-12,Taylorsville,53497873.0,4.85,1.35,0.0,0.0,0.55,0.25,0.0,0.0,0.0,0.0,0.0,0.0,0.0,39992017.0
2009-12,West Valley City,163281129.0,4.85,1.35,0.0,0.0,0.55,0.25,0.0,0.14999999999999947,0.0,0.0,0.0,0.0,0.0,-162348599.0
2009-12,Woods Cross,15363495.0,4.85,1.35,0.0,0.0,0.55,0.25,0.0,0.0,0.0,0.0,0.0,0.0,0.0,-65880602.0
2010-01,Bountiful,28382799.0,4.85,1.35,0.0,0.0,0.55,0.25,0.0,0.0,0.0,0.0,0.0,0.0,0.0,-6041921.0
2010-01,Holladay,11592418.0,4.85,1.35,0.0,0.0,0.55,0.25,0.0,0.0,0.0,0.0,0.0,0.0,0.0,-107077923.0
2010-01,Murray,102656536.0,4.85,1.35,0.0,0.0,0.55,0.25,0.0,0.0,0.0,0.0,0.0,0.0,0.0,91175597.0
2010-01,North Salt Lake,13650922.0,4.85,1.35,0.0,0.0,0.55,0.25,0.0,0.0,0.0,0.0,0.0,0.0,0.0,-26628890.0
2010-01,Salt Lake City,411249095.0,4.7,1.35,0.0,0.0,0.55,0.25,0.0,-0.14999999999999947,0.0,0.0,0.0,0.0,0.0,390300074.0
2010-01,South Salt Lake,75595143.0,4.85,1.35,0.0,0.0,0.55,0.25,0.0,0.0,0.0,0.0,0.0,0.0,0.0,-80539163.0
2010-01,Taylorsville,37274840.0,4.85,1.35,0.0,0.0,0.55,0.25,0.0,0.0,0.0,0.0,0.0,0.0,0.0,16038866.0
2010-01,West Valley City,118073056.0,4.85,1.35,0.0,0.0,0.55,0.25,0.0,0.14999999999999947,0.0,0.0,0.0,0.0,0.0,-345325604.0
2010-01,Woods Cross,11477810.0,4.85,1.35,0.0,0.0,0.55,0.25,0.0,0.0,0.0,0.0,0.0,0.0,0.0,-84818158.0
2010-02,Bountiful,28072631.0,4.85,1.35,0.0,0.0,0.55,0.25,0.0,0.0,0.0,0.0,0.0,0.0,0.0,-25425242.0
2010-02,Holladay,11664053.0,4.85,1.35,0.0,0.0,0.55,0.25,0.0,0.0,0.0,0.0,0.0,0.0,0.0,-151617076.0
2010-02,Murray,102824648.0,4.85,1.35,0.0,0.0,0.55,0.25,0.0,0.0,0.0,0.0,0.0,0.0,0.0,87461153.0
2010-02,North Salt Lake,13501268.0,4.85,1.35,0.0,0.0,0.55,0.25,0.0,0.0,0.0,0.0,0.0,0.0,0.0,-14881531.0
2010-02,Salt Lake City,385916416.0,4.7,1.35,0.0,0.0,0.55,0.25,0.0,-0.14999999999999947,0.0,0.0,0.0,0.0,0.0,374323998.0
2010-02,South Salt Lake,74018105.0,4.85,1.35,0.0,0.0,0.55,0.25,0.0,0.0,0.0,0.0,0.0,0.0,0.0,-28638431.0
2010-02,Taylorsville,37450054.0,4.85,1.35,0.0,0.0,0.55,0.25,0.0,0.0,0.0,0.0,0.0,0.0,0.0,23799132.0
2010-02,West Valley City,122656786.0,4.85,1.35,0.0,0.0,0.55,0.25,0.0,0.14999999999999947,0.0,0.0,0.0,0.0,0.0,-288592309.0
2010-02,Woods Cross,10579239.0,4.85,1.35,0.0,0.0,0.55,0.25,0.0,0.0,0.0,0.0,0.0,0.0,0.0,-65015904.0
2010-03,Bountiful,32877228.0,4.85,1.35,0.0,0.0,0.55,0.25,0.0,0.0,0.0,0.0,0.0,0.0,0.0,-4397612.0
2010-03,Holladay,13184604.0,4.85,1.35,0.0,0.0,0.55,0.25,0.0,0.0,0.0,0.0,0.0,0.0,0.0,-104888452.0
2010-03,Murray,117773104.0,4.85,1.35,0.0,0.0,0.55,0.25,0.0,0.0,0.0,0.0,0.0,0.0,0.0,106295294.0
2010-03,North Salt Lake,14784431.0,4.85,1.35,0.0,0.0,0.55,0.25,0.0,0.0,0.0,0.0,0.0,0.0,0.0,-13288200.0
2010-03,Salt Lake City,520734083.0,4.7,1.35,0.0,0.0,0.55,0.25,0.0,-0.14999999999999947,0.0,0.0,0.0,0.0,0.0,509070030.0
2010-03,South Salt Lake,91383164.0,4.85,1.35,0.0,0.0,0.55,0.25,0.0,0.0,0.0,0.0,0.0,0.0,0.0,-11441484.0
2010-03,Taylorsville,39227770.0,4.85,1.35,0.0,0.0,0.55,0.25,0.0,0.0,0.0,0.0,0.0,0.0,0.0,25726502.0
2010-03,West Valley City,140954021.0,4.85,1.35,0.0,0.0,0.55,0.25,0.0,0.14999999999999947,0.0,0.0,0.0,0.0,0.0,-244962395.0
2010-03,Woods Cross,14217817.0,4.85,1.35,0.0,0.0,0.55,0.25,0.0,0.0,0.0,0.0,0.0,0.0,0.0,-59800288.0
2010-04,Bountiful,31450371.0,4.85,1.35,0.0,0.0,0.55,0.25,0.0,0.0,0.0,0.0,0.0,0.0,0.0,-5999683.0
2010-04,Holladay,11663712.0,4.85,1.35,0.0,0.0,0.55,0.25,0.0,0.0,0.0,0.0,0.0,0.0,0.0,-110993074.0
2010-04,Murray,111788954.0,4.85,1.35,0.0,0.0,0.55,0.25,0.0,0.0,0.0,0.0,0.0,0.0,0.0,101209715.0
2010-04,North Salt Lake,16668806.0,4.85,1.35,0.0,0.0,0.55,0.25,0.0,0.0,0.0,0.0,0.0,0.0,0.0,-16208422.0
2010-04,Salt Lake City,448859356.0,4.7,1.35,0.0,0.0,0.55,0.25,0.0,-0.14999999999999947,0.0,0.0,0.0,0.0,0.0,435674752.0
2010-04,South Salt Lake,84705676.0,4.85,1.35,0.0,0.0,0.55,0.25,0.0,0.0,0.0,0.0,0.0,0.0,0.0,-33067428.0
2010-04,Taylorsville,38115489.0,4.85,1.35,0.0,0.0,0.55,0.25,0.0,0.0,0.0,0.0,0.0,0.0,0.0,23331058.0
2010-04,West Valley City,137140086.0,4.85,1.35,0.0,0.0,0.55,0.25,0.0,0.14999999999999947,0.0,0.0,0.0,0.0,0.0,-383593997.0
2010-04,Woods Cross,13860843.0,4.85,1.35,0.0,0.0,0.55,0.25,0.0,0.0,0.0,0.0,0.0,0.0,0.0,-77522321.0
2010-05,Bountiful,31468282.0,4.85,1.35,0.0,0.0,0.55,0.25,0.0,0.0,0.0,0.0,0.0,0.0,0.0,-7759488.0
2010-05,Holladay,12311712.0,4.85,1.35,0.0,0.0,0.55,0.25,0.0,0.0,0.0,0.0,0.0,0.0,0.0,-128642309.0
2010-05,Murray,115028082.0,4.85,1.35,0.0,0.0,0.55,0.25,0.0,0.0,0.0,0.0,0.0,0.0,0.0,100810265.0
2010-05,North Salt Lake,15099022.0,4.85,1.35,0.0,0.0,0.55,0.25,0.0,0.0,0.0,0.0,0.0,0.0,0.0,-16351349.0
2010-05,Salt Lake City,407154949.0,4.7,1.35,0.0,0.0,0.55,0.25,0.0,-0.14999999999999947,0.0,0.0,0.0,0.0,0.0,395491237.0
2010-05,South Salt Lake,82466931.0,4.85,1.35,0.0,0.0,0.55,0.25,0.0,0.0,0.0,0.0,0.0,0.0,0.0,-29322023.0
2010-05,Taylorsville,37540063.0,4.85,1.35,0.0,0.0,0.55,0.25,0.0,0.0,0.0,0.0,0.0,0.0,0.0,20871257.0
2010-05,West Valley City,142635173.0,4.85,1.35,0.0,0.0,0.55,0.25,0.0,0.14999999999999947,0.0,0.0,0.0,0.0,0.0,-306224183.0
2010-05,Woods Cross,15996970.0,4.85,1.35,0.0,0.0,0.55,0.25,0.0,0.0,0.0,0.0,0.0,0.0,0.0,-68708706.0
2010-06,Bountiful,34453874.0,4.85,1.35,0.0,0.0,0.55,0.25,0.0,0.0,0.0,0.0,0.0,0.0,0.0,-3661615.0
2010-06,Holladay,14241854.0,4.85,1.35,0.0,0.0,0.55,0.25,0.0,0.0,0.0,0.0,0.0,0.0,0.0,-122898232.0
2010-06,Murray,123746477.0,4.85,1.35,0.0,0.0,0.55,0.25,0.0,0.0,0.0,0.0,0.0,0.0,0.0,109885634.0
2010-06,North Salt Lake,19060789.0,4.85,1.35,0.0,0.0,0.55,0.25,0.0,0.0,0.0,0.0,0.0,0.0,0.0,-12407493.0
2010-06,Salt Lake City,487842514.0,4.7,1.35,0.0,0.0,0.55,0.25,0.0,-0.14999999999999947,0.0,0.0,0.0,0.0,0.0,475530802.0
2010-06,South Salt Lake,97659426.0,4.85,1.35,0.0,0.0,0.55,0.25,0.0,0.0,0.0,0.0,0.0,0.0,0.0,-17368656.0
2010-06,Taylorsville,39635161.0,4.85,1.35,0.0,0.0,0.55,0.25,0.0,0.0,0.0,0.0,0.0,0.0,0.0,24536139.0
2010-06,West Valley City,142816245.0,4.85,1.35,0.0,0.0,0.55,0.25,0.0,0.14999999999999947,0.0,0.0,0.0,0.0,0.0,-264338704.0
2010-06,Woods Cross,17521262.0,4.85,1.35,0.0,0.0,0.55,0.25,0.0,0.0,0.0,0.0,0.0,0.0,0.0,-64945669.0
2010-07,Bountiful,32699692.0,4.85,1.35,0.0,0.0,0.55,0.25,0.0,0.0,0.0,0.0,0.0,0.0,0.0,-4840371.0
2010-07,Holladay,11995420.0,4.85,1.35,0.0,0.0,0.55,0.25,0.0,0.0,0.0,0.0,0.0,0.0,0.0,-130639753.0
2010-07,Murray,117049536.0,4.85,1.35,0.0,0.0,0.55,0.25,0.0,0.0,0.0,0.0,0.0,0.0,0.0,101052566.0
2010-07,North Salt Lake,18129685.0,4.85,1.35,0.0,0.0,0.55,0.25,0.0,0.0,0.0,0.0,0.0,0.0,0.0,-16324189.0
2010-07,Salt Lake City,426234183.0,4.7,1.35,0.0,0.0,0.55,0.25,0.0,-0.14999999999999947,0.0,0.0,0.0,0.0,0.0,411992329.0
2010-07,South Salt Lake,83517286.0,4.85,1.35,0.0,0.0,0.55,0.25,0.0,0.0,0.0,0.0,0.0,0.0,0.0,-40229191.0
2010-07,Taylorsville,38047189.0,4.85,1.35,0.0,0.0,0.55,0.25,0.0,0.0,0.0,0.0,0.0,0.0,0.0,18986400.0
2010-07,West Valley City,135607837.0,4.85,1.35,0.0,0.0,0.55,0.25,0.0,0.14999999999999947,0.0,0.0,0.0,0.0,0.0,-352234677.0
2010-07,Woods Cross,17897696.0,4.85,1.35,0.0,0.0,0.55,0.25,0.0,0.0,0.0,0.0,0.0,0.0,0.0,-79761730.0
2010-08,Bountiful,31781660.0,4.85,1.35,0.0,0.0,0.55,0.25,0.0,0.0,0.0,0.0,0.0,0.0,0.0,-7853501.0
2010-08,Holladay,12608295.0,4.85,1.35,0.0,0.0,0.55,0.25,0.0,0.0,0.0,0.0,0.0,0.0,0.0,-130207950.0
2010-08,Murray,124705299.0,4.85,1.35,0.0,0.0,0.55,0.25,0.0,0.0,0.0,0.0,0.0,0.0,0.0,107184037.0
2010-08,North Salt Lake,19465400.0,4.85,1.35,0.0,0.0,0.55,0.25,0.0,0.0,0.0,0.0,0.0,0.0,0.0,-13234292.0
2010-08,Salt Lake City,452805957.0,4.7,1.35,0.0,0.0,0.55,0.25,0.0,-0.14999999999999947,0.0,0.0,0.0,0.0,0.0,440810537.0
2010-08,South Salt Lake,84400507.0,4.85,1.35,0.0,0.0,0.55,0.25,0.0,0.0,0.0,0.0,0.0,0.0,0.0,-32649029.0
2010-08,Taylorsville,38965096.0,4.85,1.35,0.0,0.0,0.55,0.25,0.0,0.0,0.0,0.0,0.0,0.0,0.0,20835411.0
2010-08,West Valley City,141176739.0,4.85,1.35,0.0,0.0,0.55,0.25,0.0,0.14999999999999947,0.0,0.0,0.0,0.0,0.0,-285057444.0
2010-08,Woods Cross,18814427.0,4.85,1.35,0.0,0.0,0.55,0.25,0.0,0.0,0.0,0.0,0.0,0.0,0.0,-64702859.0
2010-09,Bountiful,30772365.0,4.85,1.35,0.0,0.0,0.55,0.25,0.0,0.0,0.0,0.0,0.0,0.0,0.0,-7274824.0
2010-09,Holladay,13415304.0,4.85,1.35,0.0,0.0,0.55,0.25,0.0,0.0,0.0,0.0,0.0,0.0,0.0,-122192533.0
2010-09,Murray,116052766.0,4.85,1.35,0.0,0.0,0.55,0.25,0.0,0.0,0.0,0.0,0.0,0.0,0.0,98155070.0
2010-09,North Salt Lake,21240509.0,4.85,1.35,0.0,0.0,0.55,0.25,0.0,0.0,0.0,0.0,0.0,0.0,0.0,-10541151.0
2010-09,Salt Lake City,475073248.0,4.7,1.35,0.0,0.0,0.55,0.25,0.0,-0.14999999999999947,0.0,0.0,0.0,0.0,0.0,462464953.0
2010-09,South Salt Lake,88330603.0,4.85,1.35,0.0,0.0,0.55,0.25,0.0,0.0,0.0,0.0,0.0,0.0,0.0,-36374696.0
2010-09,Taylorsville,39666741.0,4.85,1.35,0.0,0.0,0.55,0.25,0.0,0.0,0.0,0.0,0.0,0.0,0.0,20201341.0
2010-09,West Valley City,143222538.0,4.85,1.35,0.0,0.0,0.55,0.25,0.0,0.14999999999999947,0.0,0.0,0.0,0.0,0.0,-309583419.0
2010-09,Woods Cross,18679804.0,4.85,1.35,0.0,0.0,0.55,0.25,0.0,0.0,0.0,0.0,0.0,0.0,0.0,-65720703.0
2010-10,Bountiful,28154943.0,4.85,1.35,0.0,0.0,0.55,0.25,0.0,0.0,0.0,0.0,0.0,0.0,0.0,-10810153.0
2010-10,Holladay,12063074.0,4.85,1.35,0.0,0.0,0.55,0.25,0.0,0.0,0.0,0.0,0.0,0.0,0.0,-129113665.0
2010-10,Murray,112788577.0,4.85,1.35,0.0,0.0,0.55,0.25,0.0,0.0,0.0,0.0,0.0,0.0,0.0,93974150.0
2010-10,North Salt Lake,18876025.0,4.85,1.35,0.0,0.0,0.55,0.25,0.0,0.0,0.0,0.0,0.0,0.0,0.0,-11896340.0
2010-10,Salt Lake City,410723386.0,4.7,1.35,0.0,0.0,0.55,0.25,0.0,-0.14999999999999947,0.0,0.0,0.0,0.0,0.0,397308082.0
2010-10,South Salt Lake,83227652.0,4.85,1.35,0.0,0.0,0.55,0.25,0.0,0.0,0.0,0.0,0.0,0.0,0.0,-32825114.0
2010-10,Taylorsville,38161267.0,4.85,1.35,0.0,0.0,0.55,0.25,0.0,0.0,0.0,0.0,0.0,0.0,0.0,16920758.0
2010-10,West Valley City,132907645.0,4.85,1.35,0.0,0.0,0.55,0.25,0.0,0.14999999999999947,0.0,0.0,0.0,0.0,0.0,-342165603.0
2010-10,Woods Cross,13031784.0,4.85,1.35,0.0,0.0,0.55,0.25,0.0,0.0,0.0,0.0,0.0,0.0,0.0,-75298819.0
2010-11,Bountiful,30269353.0,4.85,1.35,0.0,0.0,0.55,0.25,0.0,0.0,0.0,0.0,0.0,0.0,0.0,-9397388.0
2010-11,Holladay,12409675.0,4.85,1.35,0.0,0.0,0.55,0.25,0.0,0.0,0.0,0.0,0.0,0.0,0.0,-130812863.0
2010-11,Murray,116946531.0,4.85,1.35,0.0,0.0,0.55,0.25,0.0,0.0,0.0,0.0,0.0,0.0,0.0,98266727.0
2010-11,North Salt Lake,15972311.0,4.85,1.35,0.0,0.0,0.55,0.25,0.0,0.0,0.0,0.0,0.0,0.0,0.0,-12182632.0
2010-11,Salt Lake City,343201569.0,4.7,1.35,0.0,0.0,0.55,0.25,0.0,-0.14999999999999947,0.0,0.0,0.0,0.0,0.0,331138495.0
2010-11,South Salt Lake,85753778.0,4.85,1.35,0.0,0.0,0.55,0.25,0.0,0.0,0.0,0.0,0.0,0.0,0.0,-27034799.0
2010-11,Taylorsville,37645898.0,4.85,1.35,0.0,0.0,0.55,0.25,0.0,0.0,0.0,0.0,0.0,0.0,0.0,18769873.0
2010-11,West Valley City,134557029.0,4.85,1.35,0.0,0.0,0.55,0.25,0.0,0.14999999999999947,0.0,0.0,0.0,0.0,0.0,-276166357.0
2010-11,Woods Cross,13148914.0,4.85,1.35,0.0,0.0,0.55,0.25,0.0,0.0,0.0,0.0,0.0,0.0,0.0,-70078738.0
2010-12,Bountiful,41360816.0,4.85,1.35,0.0,0.0,0.55,0.25,0.0,0.0,0.0,0.0,0.0,0.0,0.0,3199549.0
2010-12,Holladay,19471825.0,4.85,1.35,0.0,0.0,0.55,0.25,0.0,0.0,0.0,0.0,0.0,0.0,0.0,-113435820.0
2010-12,Murray,167986763.0,4.85,1.35,0.0,0.0,0.55,0.25,0.0,0.0,0.0,0.0,0.0,0.0,0.0,154954979.0
2010-12,North Salt Lake,19759838.0,4.85,1.35,0.0,0.0,0.55,0.25,0.0,0.0,0.0,0.0,0.0,0.0,0.0,-10509515.0
2010-12,Salt Lake City,556822089.0,4.7,1.35,0.0,0.0,0.55,0.25,0.0,-0.14999999999999947,0.0,0.0,0.0,0.0,0.0,544412414.0
2010-12,South Salt Lake,103115464.0,4.85,1.35,0.0,0.0,0.55,0.25,0.0,0.0,0.0,0.0,0.0,0.0,0.0,-13831067.0
2010-12,Taylorsville,48960014.0,4.85,1.35,0.0,0.0,0.55,0.25,0.0,0.0,0.0,0.0,0.0,0.0,0.0,32987703.0
2010-12,West Valley City,173615608.0,4.85,1.35,0.0,0.0,0.55,0.25,0.0,0.14999999999999947,0.0,0.0,0.0,0.0,0.0,-169585961.0
2010-12,Woods Cross,15658877.0,4.85,1.35,0.0,0.0,0.55,0.25,0.0,0.0,0.0,0.0,0.0,0.0,0.0,-70094901.0
2011-01,Bountiful,28152213.0,4.85,1.35,0.0,0.0,0.55,0.25,0.0,0.0,0.0,0.0,0.0,0.0,0.0,-9493685.0
2011-01,Holladay,12154454.0,4.85,1.35,0.0,0.0,0.55,0.25,0.0,0.0,0.0,0.0,0.0,0.0,0.0,-122402575.0
2011-01,Murray,109420826.0,4.85,1.35,0.0,0.0,0.55,0.25,0.0,0.0,0.0,0.0,0.0,0.0,0.0,96271912.0
2011-01,North Salt Lake,16762274.0,4.85,1.35,0.0,0.0,0.55,0.25,0.0,0.0,0.0,0.0,0.0,0.0,0.0,-24598542.0
2011-01,Salt Lake City,431348599.0,4.7,1.35,0.0,0.0,0.55,0.25,0.0,-0.14999999999999947,0.0,0.0,0.0,0.0,0.0,411876774.0
2011-01,South Salt Lake,79303916.0,4.85,1.35,0.0,0.0,0.55,0.25,0.0,0.0,0.0,0.0,0.0,0.0,0.0,-88682847.0
2011-01,Taylorsville,38074228.0,4.85,1.35,0.0,0.0,0.55,0.25,0.0,0.0,0.0,0.0,0.0,0.0,0.0,18314390.0
2011-01,West Valley City,130372038.0,4.85,1.35,0.0,0.0,0.55,0.25,0.0,0.14999999999999947,0.0,0.0,0.0,0.0,0.0,-426450051.0
2011-01,Woods Cross,12331635.0,4.85,1.35,0.0,0.0,0.55,0.25,0.0,0.0,0.0,0.0,0.0,0.0,0.0,-90783829.0
2011-02,Bountiful,30184182.0,4.85,1.35,0.0,0.0,0.55,0.25,0.0,0.0,0.0,0.0,0.0,0.0,0.0,-18775832.0
2011-02,Holladay,12302382.0,4.85,1.35,0.0,0.0,0.55,0.25,0.0,0.0,0.0,0.0,0.0,0.0,0.0,-161313226.0
2011-02,Murray,113222945.0,4.85,1.35,0.0,0.0,0.55,0.25,0.0,0.0,0.0,0.0,0.0,0.0,0.0,97564068.0
2011-02,North Salt Lake,14621093.0,4.85,1.35,0.0,0.0,0.55,0.25,0.0,0.0,0.0,0.0,0.0,0.0,0.0,-13531120.0
2011-02,Salt Lake City,414819643.0,4.7,1.35,0.0,0.0,0.55,0.25,0.0,-0.14999999999999947,0.0,0.0,0.0,0.0,0.0,402665189.0
2011-02,South Salt Lake,76542482.0,4.85,1.35,0.0,0.0,0.55,0.25,0.0,0.0,0.0,0.0,0.0,0.0,0.0,-32878344.0
2011-02,Taylorsville,38111454.0,4.85,1.35,0.0,0.0,0.55,0.25,0.0,0.0,0.0,0.0,0.0,0.0,0.0,21349180.0
2011-02,West Valley City,130484479.0,4.85,1.35,0.0,0.0,0.55,0.25,0.0,0.14999999999999947,0.0,0.0,0.0,0.0,0.0,-300864120.0
2011-02,Woods Cross,11342859.0,4.85,1.35,0.0,0.0,0.55,0.25,0.0,0.0,0.0,0.0,0.0,0.0,0.0,-67961057.0
2011-03,Bountiful,33587370.0,4.85,1.35,0.0,0.0,0.55,0.25,0.0,0.0,0.0,0.0,0.0,0.0,0.0,-4486858.0
2011-03,Holladay,13999710.0,4.85,1.35,0.0,0.0,0.55,0.25,0.0,0.0,0.0,0.0,0.0,0.0,0.0,-116372328.0
2011-03,Murray,129884311.0,4.85,1.35,0.0,0.0,0.55,0.25,0.0,0.0,0.0,0.0,0.0,0.0,0.0,117552676.0
2011-03,North Salt Lake,17899715.0,4.85,1.35,0.0,0.0,0.55,0.25,0.0,0.0,0.0,0.0,0.0,0.0,0.0,-12284467.0
2011-03,Salt Lake City,519800027.0,4.7,1.35,0.0,0.0,0.55,0.25,0.0,-0.14999999999999947,0.0,0.0,0.0,0.0,0.0,507497645.0
2011-03,South Salt Lake,95326449.0,4.85,1.35,0.0,0.0,0.55,0.25,0.0,0.0,0.0,0.0,0.0,0.0,0.0,-17896496.0
2011-03,Taylorsville,40415336.0,4.85,1.35,0.0,0.0,0.55,0.25,0.0,0.0,0.0,0.0,0.0,0.0,0.0,25794243.0
2011-03,West Valley City,148949388.0,4.85,1.35,0.0,0.0,0.55,0.25,0.0,0.14999999999999947,0.0,0.0,0.0,0.0,0.0,-265870255.0
2011-03,Woods Cross,16492095.0,4.85,1.35,0.0,0.0,0.55,0.25,0.0,0.0,0.0,0.0,0.0,0.0,0.0,-60050387.0
2011-04,Bountiful,30864078.0,4.85,1.35,0.0,0.0,0.55,0.25,0.0,0.0,0.0,0.0,0.0,0.0,0.0,-7247376.0
2011-04,Holladay,12880722.0,4.85,1.35,0.0,0.0,0.55,0.25,0.0,0.0,0.0,0.0,0.0,0.0,0.0,-117603757.0
2011-04,Murray,120940205.0,4.85,1.35,0.0,0.0,0.55,0.25,0.0,0.0,0.0,0.0,0.0,0.0,0.0,109597346.0
2011-04,North Salt Lake,17420006.0,4.85,1.35,0.0,0.0,0.55,0.25,0.0,0.0,0.0,0.0,0.0,0.0,0.0,-16167364.0
2011-04,Salt Lake City,450825906.0,4.7,1.35,0.0,0.0,0.55,0.25,0.0,-0.14999999999999947,0.0,0.0,0.0,0.0,0.0,436826196.0
2011-04,South Salt Lake,83567642.0,4.85,1.35,0.0,0.0,0.55,0.25,0.0,0.0,0.0,0.0,0.0,0.0,0.0,-46316669.0
2011-04,Taylorsville,39142573.0,4.85,1.35,0.0,0.0,0.55,0.25,0.0,0.0,0.0,0.0,0.0,0.0,0.0,21242858.0
2011-04,West Valley City,138687397.0,4.85,1.35,0.0,0.0,0.55,0.25,0.0,0.14999999999999947,0.0,0.0,0.0,0.0,0.0,-381112630.0
2011-04,Woods Cross,15228984.0,4.85,1.35,0.0,0.0,0.55,0.25,0.0,0.0,0.0,0.0,0.0,0.0,0.0,-80097465.0
2011-05,Bountiful,34872865.0,4.85,1.35,0.0,0.0,0.55,0.25,0.0,0.0,0.0,0.0,0.0,0.0,0.0,-5542471.0
2011-05,Holladay,12484387.0,4.85,1.35,0.0,0.0,0.55,0.25,0.0,0.0,0.0,0.0,0.0,0.0,0.0,-136465001.0
2011-05,Murray,115726012.0,4.85,1.35,0.0,0.0,0.55,0.25,0.0,0.0,0.0,0.0,0.0,0.0,0.0,99233917.0
2011-05,North Salt Lake,17178008.0,4.85,1.35,0.0,0.0,0.55,0.25,0.0,0.0,0.0,0.0,0.0,0.0,0.0,-13686070.0
2011-05,Salt Lake City,445037491.0,4.7,1.35,0.0,0.0,0.55,0.25,0.0,-0.14999999999999947,0.0,0.0,0.0,0.0,0.0,432156769.0
2011-05,South Salt Lake,81779504.0,4.85,1.35,0.0,0.0,0.55,0.25,0.0,0.0,0.0,0.0,0.0,0.0,0.0,-39160701.0
2011-05,Taylorsville,36157357.0,4.85,1.35,0.0,0.0,0.55,0.25,0.0,0.0,0.0,0.0,0.0,0.0,0.0,18737351.0
2011-05,West Valley City,137100962.0,4.85,1.35,0.0,0.0,0.55,0.25,0.0,0.14999999999999947,0.0,0.0,0.0,0.0,0.0,-313724944.0
2011-05,Woods Cross,16373028.0,4.85,1.35,0.0,0.0,0.55,0.25,0.0,0.0,0.0,0.0,0.0,0.0,0.0,-67194614.0
2011-06,Bountiful,37252704.0,4.85,1.35,0.0,0.0,0.55,0.25,0.0,0.0,0.0,0.0,0.0,0.0,0.0,-1889869.0
2011-06,Holladay,13753249.0,4.85,1.35,0.0,0.0,0.55,0.25,0.0,0.0,0.0,0.0,0.0,0.0,0.0,-124934148.0
2011-06,Murray,132967388.0,4.85,1.35,0.0,0.0,0.55,0.25,0.0,0.0,0.0,0.0,0.0,0.0,0.0,117738404.0
2011-06,North Salt Lake,20048677.0,4.85,1.35,0.0,0.0,0.55,0.25,0.0,0.0,0.0,0.0,0.0,0.0,0.0,-14824188.0
2011-06,Salt Lake City,497306641.0,4.7,1.35,0.0,0.0,0.55,0.25,0.0,-0.14999999999999947,0.0,0.0,0.0,0.0,0.0,484822254.0
2011-06,South Salt Lake,100386981.0,4.85,1.35,0.0,0.0,0.55,0.25,0.0,0.0,0.0,0.0,0.0,0.0,0.0,-15339031.0
2011-06,Taylorsville,41794094.0,4.85,1.35,0.0,0.0,0.55,0.25,0.0,0.0,0.0,0.0,0.0,0.0,0.0,24616086.0
2011-06,West Valley City,153646713.0,4.85,1.35,0.0,0.0,0.55,0.25,0.0,0.14999999999999947,0.0,0.0,0.0,0.0,0.0,-291390778.0
2011-06,Woods Cross,21919983.0,4.85,1.35,0.0,0.0,0.55,0.25,0.0,0.0,0.0,0.0,0.0,0.0,0.0,-59859521.0
2011-07,Bountiful,34908072.0,4.85,1.35,0.0,0.0,0.55,0.25,0.0,0.0,0.0,0.0,0.0,0.0,0.0,-1249285.0
2011-07,Holladay,12060795.0,4.85,1.35,0.0,0.0,0.55,0.25,0.0,0.0,0.0,0.0,0.0,0.0,0.0,-125040167.0
2011-07,Murray,125249908.0,4.85,1.35,0.0,0.0,0.55,0.25,0.0,0.0,0.0,0.0,0.0,0.0,0.0,108876880.0
2011-07,North Salt Lake,19214766.0,4.85,1.35,0.0,0.0,0.55,0.25,0.0,0.0,0.0,0.0,0.0,0.0,0.0,-18037938.0
2011-07,Salt Lake City,440675509.0,4.7,1.35,0.0,0.0,0.55,0.25,0.0,-0.14999999999999947,0.0,0.0,0.0,0.0,0.0,426922260.0
2011-07,South Salt Lake,89480204.0,4.85,1.35,0.0,0.0,0.55,0.25,0.0,0.0,0.0,0.0,0.0,0.0,0.0,-43487184.0
2011-07,Taylorsville,36866630.0,4.85,1.35,0.0,0.0,0.55,0.25,0.0,0.0,0.0,0.0,0.0,0.0,0.0,16817953.0
2011-07,West Valley City,144319591.0,4.85,1.35,0.0,0.0,0.55,0.25,0.0,0.14999999999999947,0.0,0.0,0.0,0.0,0.0,-352987050.0
2011-07,Woods Cross,20456101.0,4.85,1.35,0.0,0.0,0.55,0.25,0.0,0.0,0.0,0.0,0.0,0.0,0.0,-79930880.0
2011-08,Bountiful,35597496.0,4.85,1.35,0.0,0.0,0.55,0.25,0.0,0.0,0.0,0.0,0.0,0.0,0.0,-6196598.0
2011-08,Holladay,11780876.0,4.85,1.35,0.0,0.0,0.55,0.25,0.0,0.0,0.0,0.0,0.0,0.0,0.0,-141865837.0
2011-08,Murray,134693453.0,4.85,1.35,0.0,0.0,0.55,0.25,0.0,0.0,0.0,0.0,0.0,0.0,0.0,112773470.0
2011-08,North Salt Lake,20383973.0,4.85,1.35,0.0,0.0,0.55,0.25,0.0,0.0,0.0,0.0,0.0,0.0,0.0,-14524099.0
2011-08,Salt Lake City,493297749.0,4.7,1.35,0.0,0.0,0.55,0.25,0.0,-0.14999999999999947,0.0,0.0,0.0,0.0,0.0,481236954.0
2011-08,South Salt Lake,95665110.0,4.85,1.35,0.0,0.0,0.55,0.25,0.0,0.0,0.0,0.0,0.0,0.0,0.0,-29584798.0
2011-08,Taylorsville,39720925.0,4.85,1.35,0.0,0.0,0.55,0.25,0.0,0.0,0.0,0.0,0.0,0.0,0.0,20506159.0
2011-08,West Valley City,155066099.0,4.85,1.35,0.0,0.0,0.55,0.25,0.0,0.14999999999999947,0.0,0.0,0.0,0.0,0.0,-285609410.0
2011-08,Woods Cross,24041778.0,4.85,1.35,0.0,0.0,0.55,0.25,0.0,0.0,0.0,0.0,0.0,0.0,0.0,-65438426.0
2011-09,Bountiful,34355592.0,4.85,1.35,0.0,0.0,0.55,0.25,0.0,0.0,0.0,0.0,0.0,0.0,0.0,-2511038.0
2011-09,Holladay,14061810.0,4.85,1.35,0.0,0.0,0.55,0.25,0.0,0.0,0.0,0.0,0.0,0.0,0.0,-130257781.0
2011-09,Murray,130839823.0,4.85,1.35,0.0,0.0,0.55,0.25,0.0,0.0,0.0,0.0,0.0,0.0,0.0,110383722.0
2011-09,North Salt Lake,23568029.0,4.85,1.35,0.0,0.0,0.55,0.25,0.0,0.0,0.0,0.0,0.0,0.0,0.0,-12029467.0
2011-09,Salt Lake City,492414531.0,4.7,1.35,0.0,0.0,0.55,0.25,0.0,-0.14999999999999947,0.0,0.0,0.0,0.0,0.0,480633655.0
2011-09,South Salt Lake,95537072.0,4.85,1.35,0.0,0.0,0.55,0.25,0.0,0.0,0.0,0.0,0.0,0.0,0.0,-39156381.0
2011-09,Taylorsville,39197124.0,4.85,1.35,0.0,0.0,0.55,0.25,0.0,0.0,0.0,0.0,0.0,0.0,0.0,18813151.0
2011-09,West Valley City,150071471.0,4.85,1.35,0.0,0.0,0.55,0.25,0.0,0.14999999999999947,0.0,0.0,0.0,0.0,0.0,-343226278.0
2011-09,Woods Cross,20015211.0,4.85,1.35,0.0,0.0,0.55,0.25,0.0,0.0,0.0,0.0,0.0,0.0,0.0,-75649899.0
2011-10,Bountiful,31622086.0,4.85,1.35,0.0,0.0,0.55,0.25,0.0,0.0,0.0,0.0,0.0,0.0,0.0,-8098839.0
2011-10,Holladay,12220740.0,4.85,1.35,0.0,0.0,0.55,0.25,0.0,0.0,0.0,0.0,0.0,0.0,0.0,-142845359.0
2011-10,Murray,124076471.0,4.85,1.35,0.0,0.0,0.55,0.25,0.0,0.0,0.0,0.0,0.0,0.0,0.0,100034693.0
2011-10,North Salt Lake,18144303.0,4.85,1.35,0.0,0.0,0.55,0.25,0.0,0.0,0.0,0.0,0.0,0.0,0.0,-16211289.0
2011-10,Salt Lake City,453584220.0,4.7,1.35,0.0,0.0,0.55,0.25,0.0,-0.14999999999999947,0.0,0.0,0.0,0.0,0.0,439522410.0
2011-10,South Salt Lake,92162422.0,4.85,1.35,0.0,0.0,0.55,0.25,0.0,0.0,0.0,0.0,0.0,0.0,0.0,-38677401.0
2011-10,Taylorsville,39458716.0,4.85,1.35,0.0,0.0,0.55,0.25,0.0,0.0,0.0,0.0,0.0,0.0,0.0,15890687.0
2011-10,West Valley City,146845799.0,4.85,1.35,0.0,0.0,0.55,0.25,0.0,0.14999999999999947,0.0,0.0,0.0,0.0,0.0,-345568732.0
2011-10,Woods Cross,16847324.0,4.85,1.35,0.0,0.0,0.55,0.25,0.0,0.0,0.0,0.0,0.0,0.0,0.0,-78689748.0
2011-11,Bountiful,31316909.0,4.85,1.35,0.0,0.0,0.55,0.25,0.0,0.0,0.0,0.0,0.0,0.0,0.0,-7880215.0
2011-11,Holladay,13936898.0,4.85,1.35,0.0,0.0,0.55,0.25,0.0,0.0,0.0,0.0,0.0,0.0,0.0,-136134573.0
2011-11,Murray,125536230.0,4.85,1.35,0.0,0.0,0.55,0.25,0.0,0.0,0.0,0.0,0.0,0.0,0.0,105521019.0
2011-11,North Salt Lake,18845295.0,4.85,1.35,0.0,0.0,0.55,0.25,0.0,0.0,0.0,0.0,0.0,0.0,0.0,-12776791.0
2011-11,Salt Lake City,433398632.0,4.7,1.35,0.0,0.0,0.55,0.25,0.0,-0.14999999999999947,0.0,0.0,0.0,0.0,0.0,421177892.0
2011-11,South Salt Lake,93829545.0,4.85,1.35,0.0,0.0,0.55,0.25,0.0,0.0,0.0,0.0,0.0,0.0,0.0,-30246926.0
2011-11,Taylorsville,40328706.0,4.85,1.35,0.0,0.0,0.55,0.25,0.0,0.0,0.0,0.0,0.0,0.0,0.0,22184403.0
2011-11,West Valley City,146191241.0,4.85,1.35,0.0,0.0,0.55,0.25,0.0,0.14999999999999947,0.0,0.0,0.0,0.0,0.0,-307392979.0
2011-11,Woods Cross,15366775.0,4.85,1.35,0.0,0.0,0.55,0.25,0.0,0.0,0.0,0.0,0.0,0.0,0.0,-76795647.0
2011-12,Bountiful,41637458.0,4.85,1.35,0.0,0.0,0.55,0.25,0.0,0.0,0.0,0.0,0.0,0.0,0.0,2178742.0
2011-12,Holladay,19295821.0,4.85,1.35,0.0,0.0,0.55,0.25,0.0,0.0,0.0,0.0,0.0,0.0,0.0,-127549978.0
2011-12,Murray,196527025.0,4.85,1.35,0.0,0.0,0.55,0.25,0.0,0.0,0.0,0.0,0.0,0.0,0.0,179679701.0
2011-12,North Salt Lake,20941247.0,4.85,1.35,0.0,0.0,0.55,0.25,0.0,0.0,0.0,0.0,0.0,0.0,0.0,-10375662.0
2011-12,Salt Lake City,574762307.0,4.7,1.35,0.0,0.0,0.55,0.25,0.0,-0.14999999999999947,0.0,0.0,0.0,0.0,0.0,560825409.0
2011-12,South Salt Lake,104084898.0,4.85,1.35,0.0,0.0,0.55,0.25,0.0,0.0,0.0,0.0,0.0,0.0,0.0,-21451332.0
2011-12,Taylorsville,52713310.0,4.85,1.35,0.0,0.0,0.55,0.25,0.0,0.0,0.0,0.0,0.0,0.0,0.0,33868015.0
2011-12,West Valley City,186352359.0,4.85,1.35,0.0,0.0,0.55,0.25,0.0,0.14999999999999947,0.0,0.0,0.0,0.0,0.0,-247046273.0
2011-12,Woods Cross,19032649.0,4.85,1.35,0.0,0.0,0.55,0.25,0.0,0.0,0.0,0.0,0.0,0.0,0.0,-74796896.0
2012-01,Bountiful,30380809.0,4.85,1.35,0.0,0.0,0.55,0.25,0.0,0.0,0.0,0.0,0.0,0.0,0.0,-9947897.0
2012-01,Holladay,14068507.0,4.85,1.35,0.0,0.0,0.55,0.25,0.0,0.0,0.0,0.0,0.0,0.0,0.0,-132122734.0
2012-01,Murray,119215849.0,4.85,1.35,0.0,0.0,0.55,0.25,0.0,0.0,0.0,0.0,0.0,0.0,0.0,103849074.0
2012-01,North Salt Lake,15412162.0,4.85,1.35,0.0,0.0,0.55,0.25,0.0,0.0,0.0,0.0,0.0,0.0,0.0,-26225296.0
2012-01,Salt Lake City,454913153.0,4.7,1.35,0.0,0.0,0.55,0.25,0.0,-0.14999999999999947,0.0,0.0,0.0,0.0,0.0,435617332.0
2012-01,South Salt Lake,90333437.0,4.85,1.35,0.0,0.0,0.55,0.25,0.0,0.0,0.0,0.0,0.0,0.0,0.0,-106193588.0
2012-01,Taylorsville,42445056.0,4.85,1.35,0.0,0.0,0.55,0.25,0.0,0.0,0.0,0.0,0.0,0.0,0.0,21503809.0
2012-01,West Valley City,134860131.0,4.85,1.35,0.0,0.0,0.55,0.25,0.0,0.14999999999999947,0.0,0.0,0.0,0.0,0.0,-439902176.0
2012-01,Woods Cross,13439638.0,4.85,1.35,0.0,0.0,0.55,0.25,0.0,0.0,0.0,0.0,0.0,0.0,0.0,-90645260.0
2012-02,Bountiful,32385120.0,4.85,1.35,0.0,0.0,0.55,0.25,0.0,0.0,0.0,0.0,0.0,0.0,0.0,-20328190.0
2012-02,Holladay,12028368.0,4.85,1.35,0.0,0.0,0.55,0.25,0.0,0.0,0.0,0.0,0.0,0.0,0.0,-174323991.0
2012-02,Murray,129033837.0,4.85,1.35,0.0,0.0,0.55,0.25,0.0,0.0,0.0,0.0,0.0,0.0,0.0,110001188.0
2012-02,North Salt Lake,16357906.0,4.85,1.35,0.0,0.0,0.55,0.25,0.0,0.0,0.0,0.0,0.0,0.0,0.0,-14022903.0
2012-02,Salt Lake City,464225666.0,4.7,1.35,0.0,0.0,0.55,0.25,0.0,-0.14999999999999947,0.0,0.0,0.0,0.0,0.0,450157159.0
2012-02,South Salt Lake,88424069.0,4.85,1.35,0.0,0.0,0.55,0.25,0.0,0.0,0.0,0.0,0.0,0.0,0.0,-30791780.0
2012-02,Taylorsville,39935593.0,4.85,1.35,0.0,0.0,0.55,0.25,0.0,0.0,0.0,0.0,0.0,0.0,0.0,24523431.0
2012-02,West Valley City,138229833.0,4.85,1.35,0.0,0.0,0.55,0.25,0.0,0.14999999999999947,0.0,0.0,0.0,0.0,0.0,-316683320.0
2012-02,Woods Cross,15170879.0,4.85,1.35,0.0,0.0,0.55,0.25,0.0,0.0,0.0,0.0,0.0,0.0,0.0,-75162558.0
2012-03,Bountiful,37952437.0,4.85,1.35,0.0,0.0,0.55,0.25,0.0,0.0,0.0,0.0,0.0,0.0,0.0,-4492619.0
2012-03,Holladay,14297751.0,4.85,1.35,0.0,0.0,0.55,0.25,0.0,0.0,0.0,0.0,0.0,0.0,0.0,-120562380.0
2012-03,Murray,148871553.0,4.85,1.35,0.0,0.0,0.55,0.25,0.0,0.0,0.0,0.0,0.0,0.0,0.0,135431915.0
2012-03,North Salt Lake,19878409.0,4.85,1.35,0.0,0.0,0.55,0.25,0.0,0.0,0.0,0.0,0.0,0.0,0.0,-12506711.0
2012-03,Salt Lake City,568289553.0,4.7,1.35,0.0,0.0,0.55,0.25,0.0,-0.14999999999999947,0.0,0.0,0.0,0.0,0.0,556261185.0
2012-03,South Salt Lake,102255025.0,4.85,1.35,0.0,0.0,0.55,0.25,0.0,0.0,0.0,0.0,0.0,0.0,0.0,-26778812.0
2012-03,Taylorsville,44598239.0,4.85,1.35,0.0,0.0,0.55,0.25,0.0,0.0,0.0,0.0,0.0,0.0,0.0,28240333.0
2012-03,West Valley City,159830738.0,4.85,1.35,0.0,0.0,0.55,0.25,0.0,0.14999999999999947,0.0,0.0,0.0,0.0,0.0,-304394928.0
2012-03,Woods Cross,17857094.0,4.85,1.35,0.0,0.0,0.55,0.25,0.0,0.0,0.0,0.0,0.0,0.0,0.0,-70566975.0
2012-04,Bountiful,33029381.0,4.85,1.35,0.0,0.0,0.55,0.25,0.0,0.0,0.0,0.0,0.0,0.0,0.0,-6906212.0
2012-04,Holladay,11829723.0,4.85,1.35,0.0,0.0,0.55,0.25,0.0,0.0,0.0,0.0,0.0,0.0,0.0,-126400110.0
2012-04,Murray,127721316.0,4.85,1.35,0.0,0.0,0.55,0.25,0.0,0.0,0.0,0.0,0.0,0.0,0.0,112550437.0
2012-04,North Salt Lake,17921338.0,4.85,1.35,0.0,0.0,0.55,0.25,0.0,0.0,0.0,0.0,0.0,0.0,0.0,-20031099.0
2012-04,Salt Lake City,475198767.0,4.7,1.35,0.0,0.0,0.55,0.25,0.0,-0.14999999999999947,0.0,0.0,0.0,0.0,0.0,460901016.0
2012-04,South Salt Lake,89454273.0,4.85,1.35,0.0,0.0,0.55,0.25,0.0,0.0,0.0,0.0,0.0,0.0,0.0,-59417280.0
2012-04,Taylorsville,38306150.0,4.85,1.35,0.0,0.0,0.55,0.25,0.0,0.0,0.0,0.0,0.0,0.0,0.0,18427741.0
2012-04,West Valley City,145976171.0,4.85,1.35,0.0,0.0,0.55,0.25,0.0,0.14999999999999947,0.0,0.0,0.0,0.0,0.0,-422313382.0
2012-04,Woods Cross,14917799.0,4.85,1.35,0.0,0.0,0.55,0.25,0.0,0.0,0.0,0.0,0.0,0.0,0.0,-87337226.0
2012-05,Bountiful,34252189.0,4.85,1.35,0.0,0.0,0.55,0.25,0.0,0.0,0.0,0.0,0.0,0.0,0.0,-10346050.0
2012-05,Holladay,12693766.0,4.85,1.35,0.0,0.0,0.55,0.25,0.0,0.0,0.0,0.0,0.0,0.0,0.0,-147136972.0
2012-05,Murray,127095151.0,4.85,1.35,0.0,0.0,0.55,0.25,0.0,0.0,0.0,0.0,0.0,0.0,0.0,109238057.0
2012-05,North Salt Lake,19361478.0,4.85,1.35,0.0,0.0,0.55,0.25,0.0,0.0,0.0,0.0,0.0,0.0,0.0,-13667903.0
2012-05,Salt Lake City,501305101.0,4.7,1.35,0.0,0.0,0.55,0.25,0.0,-0.14999999999999947,0.0,0.0,0.0,0.0,0.0,489475378.0
2012-05,South Salt Lake,95827960.0,4.85,1.35,0.0,0.0,0.55,0.25,0.0,0.0,0.0,0.0,0.0,0.0,0.0,-31893356.0
2012-05,Taylorsville,39512134.0,4.85,1.35,0.0,0.0,0.55,0.25,0.0,0.0,0.0,0.0,0.0,0.0,0.0,21590796.0
2012-05,West Valley City,154269843.0,4.85,1.35,0.0,0.0,0.55,0.25,0.0,0.14999999999999947,0.0,0.0,0.0,0.0,0.0,-320928924.0
2012-05,Woods Cross,18561087.0,4.85,1.35,0.0,0.0,0.55,0.25,0.0,0.0,0.0,0.0,0.0,0.0,0.0,-70893186.0
2012-06,Bountiful,36255871.0,4.85,1.35,0.0,0.0,0.55,0.25,0.0,0.0,0.0,0.0,0.0,0.0,0.0,-2050279.0
2012-06,Holladay,14938825.0,4.85,1.35,0.0,0.0,0.55,0.25,0.0,0.0,0.0,0.0,0.0,0.0,0.0,-131037346.0
2012-06,Murray,153108428.0,4.85,1.35,0.0,0.0,0.55,0.25,0.0,0.0,0.0,0.0,0.0,0.0,0.0,138190629.0
2012-06,North Salt Lake,25350087.0,4.85,1.35,0.0,0.0,0.55,0.25,0.0,0.0,0.0,0.0,0.0,0.0,0.0,-8902102.0
2012-06,Salt Lake City,559245413.0,4.7,1.35,0.0,0.0,0.55,0.25,0.0,-0.14999999999999947,0.0,0.0,0.0,0.0,0.0,546551647.0
2012-06,South Salt Lake,104087449.0,4.85,1.35,0.0,0.0,0.55,0.25,0.0,0.0,0.0,0.0,0.0,0.0,0.0,-23007702.0
2012-06,Taylorsville,44025546.0,4.85,1.35,0.0,0.0,0.55,0.25,0.0,0.0,0.0,0.0,0.0,0.0,0.0,24664068.0
2012-06,West Valley City,171968885.0,4.85,1.35,0.0,0.0,0.55,0.25,0.0,0.14999999999999947,0.0,0.0,0.0,0.0,0.0,-329336216.0
2012-06,Woods Cross,19283224.0,4.85,1.35,0.0,0.0,0.55,0.25,0.0,0.0,0.0,0.0,0.0,0.0,0.0,-76544736.0
2012-07,Bountiful,33800870.0,4.85,1.35,0.0,0.0,0.55,0.25,0.0,0.0,0.0,0.0,0.0,0.0,0.0,-5711264.0
2012-07,Holladay,13220809.0,4.85,1.35,0.0,0.0,0.55,0.25,0.0,0.0,0.0,0.0,0.0,0.0,0.0,-141049034.0
2012-07,Murray,138026011.0,4.85,1.35,0.0,0.0,0.55,0.25,0.0,0.0,0.0,0.0,0.0,0.0,0.0,119464924.0
2012-07,North Salt Lake,22881387.0,4.85,1.35,0.0,0.0,0.55,0.25,0.0,0.0,0.0,0.0,0.0,0.0,0.0,-13374484.0
2012-07,Salt Lake City,488226334.0,4.7,1.35,0.0,0.0,0.55,0.25,0.0,-0.14999999999999947,0.0,0.0,0.0,0.0,0.0,473287509.0
2012-07,South Salt Lake,94932714.0,4.85,1.35,0.0,0.0,0.55,0.25,0.0,0.0,0.0,0.0,0.0,0.0,0.0,-58175714.0
2012-07,Taylorsville,39343734.0,4.85,1.35,0.0,0.0,0.55,0.25,0.0,0.0,0.0,0.0,0.0,0.0,0.0,13993647.0
2012-07,West Valley City,154463364.0,4.85,1.35,0.0,0.0,0.55,0.25,0.0,0.14999999999999947,0.0,0.0,0.0,0.0,0.0,-404782049.0
2012-07,Woods Cross,19493488.0,4.85,1.35,0.0,0.0,0.55,0.25,0.0,0.0,0.0,0.0,0.0,0.0,0.0,-84593961.0
2012-08,Bountiful,31314177.0,4.85,1.35,0.0,0.0,0.55,0.25,0.0,0.0,0.0,0.0,0.0,0.0,0.0,-12711369.0
2012-08,Holladay,15230587.0,4.85,1.35,0.0,0.0,0.55,0.25,0.0,0.0,0.0,0.0,0.0,0.0,0.0,-156738298.0
2012-08,Murray,158514342.0,4.85,1.35,0.0,0.0,0.55,0.25,0.0,0.0,0.0,0.0,0.0,0.0,0.0,139231118.0
2012-08,North Salt Lake,24023708.0,4.85,1.35,0.0,0.0,0.55,0.25,0.0,0.0,0.0,0.0,0.0,0.0,0.0,-9777162.0
2012-08,Salt Lake City,550247067.0,4.7,1.35,0.0,0.0,0.55,0.25,0.0,-0.14999999999999947,0.0,0.0,0.0,0.0,0.0,537026258.0
2012-08,South Salt Lake,100108901.0,4.85,1.35,0.0,0.0,0.55,0.25,0.0,0.0,0.0,0.0,0.0,0.0,0.0,-37917110.0
2012-08,Taylorsville,40264605.0,4.85,1.35,0.0,0.0,0.55,0.25,0.0,0.0,0.0,0.0,0.0,0.0,0.0,17383218.0
2012-08,West Valley City,155616251.0,4.85,1.35,0.0,0.0,0.55,0.25,0.0,0.14999999999999947,0.0,0.0,0.0,0.0,0.0,-332610083.0
2012-08,Woods Cross,18852097.0,4.85,1.35,0.0,0.0,0.55,0.25,0.0,0.0,0.0,0.0,0.0,0.0,0.0,-76080617.0
2012-09,Bountiful,34409219.0,4.85,1.35,0.0,0.0,0.55,0.25,0.0,0.0,0.0,0.0,0.0,0.0,0.0,-4934515.0
2012-09,Holladay,15655151.0,4.85,1.35,0.0,0.0,0.55,0.25,0.0,0.0,0.0,0.0,0.0,0.0,0.0,-138808213.0
2012-09,Murray,136918723.0,4.85,1.35,0.0,0.0,0.55,0.25,0.0,0.0,0.0,0.0,0.0,0.0,0.0,117425235.0
2012-09,North Salt Lake,23284924.0,4.85,1.35,0.0,0.0,0.55,0.25,0.0,0.0,0.0,0.0,0.0,0.0,0.0,-8029253.0
2012-09,Salt Lake City,510078445.0,4.7,1.35,0.0,0.0,0.55,0.25,0.0,-0.14999999999999947,0.0,0.0,0.0,0.0,0.0,494847858.0
2012-09,South Salt Lake,93177584.0,4.85,1.35,0.0,0.0,0.55,0.25,0.0,0.0,0.0,0.0,0.0,0.0,0.0,-65336758.0
2012-09,Taylorsville,42265303.0,4.85,1.35,0.0,0.0,0.55,0.25,0.0,0.0,0.0,0.0,0.0,0.0,0.0,18241595.0
2012-09,West Valley City,156332762.0,4.85,1.35,0.0,0.0,0.55,0.25,0.0,0.14999999999999947,0.0,0.0,0.0,0.0,0.0,-393914305.0
2012-09,Woods Cross,19601274.0,4.85,1.35,0.0,0.0,0.55,0.25,0.0,0.0,0.0,0.0,0.0,0.0,0.0,-80507627.0
2012-10,Bountiful,32908979.0,4.85,1.35,0.0,0.0,0.55,0.25,0.0,0.0,0.0,0.0,0.0,0.0,0.0,-7355626.0
2012-10,Holladay,12511047.0,4.85,1.35,0.0,0.0,0.55,0.25,0.0,0.0,0.0,0.0,0.0,0.0,0.0,-143105204.0
2012-10,Murray,132403678.0,4.85,1.35,0.0,0.0,0.55,0.25,0.0,0.0,0.0,0.0,0.0,0.0,0.0,113551581.0
2012-10,North Salt Lake,22876288.0,4.85,1.35,0.0,0.0,0.55,0.25,0.0,0.0,0.0,0.0,0.0,0.0,0.0,-11532931.0
2012-10,Salt Lake City,508979330.0,4.7,1.35,0.0,0.0,0.55,0.25,0.0,-0.14999999999999947,0.0,0.0,0.0,0.0,0.0,493324179.0
2012-10,South Salt Lake,96740785.0,4.85,1.35,0.0,0.0,0.55,0.25,0.0,0.0,0.0,0.0,0.0,0.0,0.0,-40177938.0
2012-10,Taylorsville,38142849.0,4.85,1.35,0.0,0.0,0.55,0.25,0.0,0.0,0.0,0.0,0.0,0.0,0.0,14857925.0
2012-10,West Valley City,152642748.0,4.85,1.35,0.0,0.0,0.55,0.25,0.0,0.14999999999999947,0.0,0.0,0.0,0.0,0.0,-357435697.0
2012-10,Woods Cross,16180414.0,4.85,1.35,0.0,0.0,0.55,0.25,0.0,0.0,0.0,0.0,0.0,0.0,0.0,-76997170.0
2012-11,Bountiful,34044234.0,4.85,1.35,0.0,0.0,0.55,0.25,0.0,0.0,0.0,0.0,0.0,0.0,0.0,-8221069.0
2012-11,Holladay,14117771.0,4.85,1.35,0.0,0.0,0.55,0.25,0.0,0.0,0.0,0.0,0.0,0.0,0.0,-142214991.0
2012-11,Murray,139099546.0,4.85,1.35,0.0,0.0,0.55,0.25,0.0,0.0,0.0,0.0,0.0,0.0,0.0,119498272.0
2012-11,North Salt Lake,21953437.0,4.85,1.35,0.0,0.0,0.55,0.25,0.0,0.0,0.0,0.0,0.0,0.0,0.0,-10955542.0
2012-11,Salt Lake City,481465000.0,4.7,1.35,0.0,0.0,0.55,0.25,0.0,-0.14999999999999947,0.0,0.0,0.0,0.0,0.0,468953953.0
2012-11,South Salt Lake,93394256.0,4.85,1.35,0.0,0.0,0.55,0.25,0.0,0.0,0.0,0.0,0.0,0.0,0.0,-39009422.0
2012-11,Taylorsville,42173350.0,4.85,1.35,0.0,0.0,0.55,0.25,0.0,0.0,0.0,0.0,0.0,0.0,0.0,19297062.0
2012-11,West Valley City,156192082.0,4.85,1.35,0.0,0.0,0.55,0.25,0.0,0.14999999999999947,0.0,0.0,0.0,0.0,0.0,-352787248.0
2012-11,Woods Cross,15218843.0,4.85,1.35,0.0,0.0,0.55,0.25,0.0,0.0,0.0,0.0,0.0,0.0,0.0,-81521942.0
2012-12,Bountiful,46093907.0,4.85,1.35,0.0,0.0,0.55,0.25,0.0,0.0,0.0,0.0,0.0,0.0,0.0,7951058.0
2012-12,Holladay,18287421.0,4.85,1.35,0.0,0.0,0.55,0.25,0.0,0.0,0.0,0.0,0.0,0.0,0.0,-134355327.0
2012-12,Murray,184107413.0,4.85,1.35,0.0,0.0,0.55,0.25,0.0,0.0,0.0,0.0,0.0,0.0,0.0,167926999.0
2012-12,North Salt Lake,22391887.0,4.85,1.35,0.0,0.0,0.55,0.25,0.0,0.0,0.0,0.0,0.0,0.0,0.0,-11652347.0
2012-12,Salt Lake City,602851610.0,4.7,1.35,0.0,0.0,0.55,0.25,0.0,-0.14999999999999947,0.0,0.0,0.0,0.0,0.0,588733839.0
2012-12,South Salt Lake,97044253.0,4.85,1.35,0.0,0.0,0.55,0.25,0.0,0.0,0.0,0.0,0.0,0.0,0.0,-42055293.0
2012-12,Taylorsville,49394993.0,4.85,1.35,0.0,0.0,0.55,0.25,0.0,0.0,0.0,0.0,0.0,0.0,0.0,27441556.0
2012-12,West Valley City,176963872.0,4.85,1.35,0.0,0.0,0.55,0.25,0.0,0.14999999999999947,0.0,0.0,0.0,0.0,0.0,-304501128.0
2012-12,Woods Cross,20548744.0,4.85,1.35,0.0,0.0,0.55,0.25,0.0,0.0,0.0,0.0,0.0,0.0,0.0,-72845512.0
2013-01,Bountiful,35326959.0,4.85,1.35,0.0,0.0,0.55,0.25,0.0,0.0,0.0,0.0,0.0,0.0,0.0,-6846391.0
2013-01,Holladay,13804274.0,4.85,1.35,0.0,0.0,0.55,0.25,0.0,0.0,0.0,0.0,0.0,0.0,0.0,-142387808.0
2013-01,Murray,124103721.0,4.85,1.35,0.0,0.0,0.55,0.25,0.0,0.0,0.0,0.0,0.0,0.0,0.0,108884878.0
2013-01,North Salt Lake,19419289.0,4.85,1.35,0.0,0.0,0.55,0.25,0.0,0.0,0.0,0.0,0.0,0.0,0.0,-26674618.0
2013-01,Salt Lake City,504159222.0,4.7,1.35,0.0,0.0,0.55,0.25,0.0,-0.14999999999999947,0.0,0.0,0.0,0.0,0.0,485871801.0
2013-01,South Salt Lake,85042410.0,4.85,1.35,0.0,0.0,0.55,0.25,0.0,0.0,0.0,0.0,0.0,0.0,0.0,-99065003.0
2013-01,Taylorsville,38354707.0,4.85,1.35,0.0,0.0,0.55,0.25,0.0,0.0,0.0,0.0,0.0,0.0,0.0,15962820.0
2013-01,West Valley City,144388605.0,4.85,1.35,0.0,0.0,0.55,0.25,0.0,0.14999999999999947,0.0,0.0,0.0,0.0,0.0,-458463005.0
2013-01,Woods Cross,13196619.0,4.85,1.35,0.0,0.0,0.55,0.25,0.0,0.0,0.0,0.0,0.0,0.0,0.0,-83847634.0
2013-02,Bountiful,35568202.0,4.85,1.35,0.0,0.0,0.55,0.25,0.0,0.0,0.0,0.0,0.0,0.0,0.0,-13826791.0
2013-02,Holladay,13246204.0,4.85,1.35,0.0,0.0,0.55,0.25,0.0,0.0,0.0,0.0,0.0,0.0,0.0,-163717668.0
2013-02,Murray,126527880.0,4.85,1.35,0.0,0.0,0.55,0.25,0.0,0.0,0.0,0.0,0.0,0.0,0.0,105979136.0
2013-02,North Salt Lake,20490902.0,4.85,1.35,0.0,0.0,0.55,0.25,0.0,0.0,0.0,0.0,0.0,0.0,0.0,-14836057.0
2013-02,Salt Lake City,488489790.0,4.7,1.35,0.0,0.0,0.55,0.25,0.0,-0.14999999999999947,0.0,0.0,0.0,0.0,0.0,474685516.0
2013-02,South Salt Lake,90080831.0,4.85,1.35,0.0,0.0,0.55,0.25,0.0,0.0,0.0,0.0,0.0,0.0,0.0,-34022890.0
2013-02,Taylorsville,38490313.0,4.85,1.35,0.0,0.0,0.55,0.25,0.0,0.0,0.0,0.0,0.0,0.0,0.0,19071024.0
2013-02,West Valley City,140620734.0,4.85,1.35,0.0,0.0,0.55,0.25,0.0,0.14999999999999947,0.0,0.0,0.0,0.0,0.0,-363538488.0
2013-02,Woods Cross,16530967.0,4.85,1.35,0.0,0.0,0.55,0.25,0.0,0.0,0.0,0.0,0.0,0.0,0.0,-68511443.0
2013-03,Bountiful,38653133.0,4.85,1.35,0.0,0.0,0.55,0.25,0.0,0.0,0.0,0.0,0.0,0.0,0.0,298426.0
2013-03,Holladay,14532553.0,4.85,1.35,0.0,0.0,0.55,0.25,0.0,0.0,0.0,0.0,0.0,0.0,0.0,-129856052.0
2013-03,Murray,147608758.0,4.85,1.35,0.0,0.0,0.55,0.25,0.0,0.0,0.0,0.0,0.0,0.0,0.0,134412139.0
2013-03,North Salt Lake,23847849.0,4.85,1.35,0.0,0.0,0.55,0.25,0.0,0.0,0.0,0.0,0.0,0.0,0.0,-11720353.0
2013-03,Salt Lake City,560890197.0,4.7,1.35,0.0,0.0,0.55,0.25,0.0,-0.14999999999999947,0.0,0.0,0.0,0.0,0.0,547643993.0
2013-03,South Salt Lake,97920316.0,4.85,1.35,0.0,0.0,0.55,0.25,0.0,0.0,0.0,0.0,0.0,0.0,0.0,-28607564.0
2013-03,Taylorsville,42901954.0,4.85,1.35,0.0,0.0,0.55,0.25,0.0,0.0,0.0,0.0,0.0,0.0,0.0,22411052.0
2013-03,West Valley City,173865029.0,4.85,1.35,0.0,0.0,0.55,0.25,0.0,0.14999999999999947,0.0,0.0,0.0,0.0,0.0,-314624761.0
2013-03,Woods Cross,17687803.0,4.85,1.35,0.0,0.0,0.55,0.25,0.0,0.0,0.0,0.0,0.0,0.0,0.0,-72393028.0
2013-04,Bountiful,35461362.0,4.85,1.35,0.0,0.0,0.55,0.25,0.0,0.0,0.0,0.0,0.0,0.0,0.0,-3028951.0
2013-04,Holladay,13581851.0,4.85,1.35,0.0,0.0,0.55,0.25,0.0,0.0,0.0,0.0,0.0,0.0,0.0,-127038883.0
2013-04,Murray,134720890.0,4.85,1.35,0.0,0.0,0.55,0.25,0.0,0.0,0.0,0.0,0.0,0.0,0.0,118189923.0
2013-04,North Salt Lake,25276719.0,4.85,1.35,0.0,0.0,0.55,0.25,0.0,0.0,0.0,0.0,0.0,0.0,0.0,-13376414.0
2013-04,Salt Lake City,492840306.0,4.7,1.35,0.0,0.0,0.55,0.25,0.0,-0.14999999999999947,0.0,0.0,0.0,0.0,0.0,478307753.0
2013-04,South Salt Lake,97160511.0,4.85,1.35,0.0,0.0,0.55,0.25,0.0,0.0,0.0,0.0,0.0,0.0,0.0,-50448247.0
2013-04,Taylorsville,37065724.0,4.85,1.35,0.0,0.0,0.55,0.25,0.0,0.0,0.0,0.0,0.0,0.0,0.0,13217875.0
2013-04,West Valley City,153906346.0,4.85,1.35,0.0,0.0,0.55,0.25,0.0,0.14999999999999947,0.0,0.0,0.0,0.0,0.0,-406983851.0
2013-04,Woods Cross,16852143.0,4.85,1.35,0.0,0.0,0.55,0.25,0.0,0.0,0.0,0.0,0.0,0.0,0.0,-81068173.0
2013-05,Bountiful,39262666.0,4.85,1.35,0.0,0.0,0.55,0.25,0.0,0.0,0.0,0.0,0.0,0.0,0.0,-3639288.0
2013-05,Holladay,13700221.0,4.85,1.35,0.0,0.0,0.55,0.25,0.0,0.0,0.0,0.0,0.0,0.0,0.0,-160164808.0
2013-05,Murray,142971518.0,4.85,1.35,0.0,0.0,0.55,0.25,0.0,0.0,0.0,0.0,0.0,0.0,0.0,125283715.0
2013-05,North Salt Lake,24692459.0,4.85,1.35,0.0,0.0,0.55,0.25,0.0,0.0,0.0,0.0,0.0,0.0,0.0,-10768903.0
2013-05,Salt Lake City,496786253.0,4.7,1.35,0.0,0.0,0.55,0.25,0.0,-0.14999999999999947,0.0,0.0,0.0,0.0,0.0,483204402.0
2013-05,South Salt Lake,101242831.0,4.85,1.35,0.0,0.0,0.55,0.25,0.0,0.0,0.0,0.0,0.0,0.0,0.0,-33478059.0
2013-05,Taylorsville,40121768.0,4.85,1.35,0.0,0.0,0.55,0.25,0.0,0.0,0.0,0.0,0.0,0.0,0.0,14845049.0
2013-05,West Valley City,164245655.0,4.85,1.35,0.0,0.0,0.55,0.25,0.0,0.14999999999999947,0.0,0.0,0.0,0.0,0.0,-328594651.0
2013-05,Woods Cross,17265177.0,4.85,1.35,0.0,0.0,0.55,0.25,0.0,0.0,0.0,0.0,0.0,0.0,0.0,-79895334.0
2013-06,Bountiful,39177172.0,4.85,1.35,0.0,0.0,0.55,0.25,0.0,0.0,0.0,0.0,0.0,0.0,0.0,2111448.0
2013-06,Holladay,13701889.0,4.85,1.35,0.0,0.0,0.55,0.25,0.0,0.0,0.0,0.0,0.0,0.0,0.0,-140204457.0
2013-06,Murray,141809521.0,4.85,1.35,0.0,0.0,0.55,0.25,0.0,0.0,0.0,0.0,0.0,0.0,0.0,124957378.0
2013-06,North Salt Lake,23686191.0,4.85,1.35,0.0,0.0,0.55,0.25,0.0,0.0,0.0,0.0,0.0,0.0,0.0,-15576475.0
2013-06,Salt Lake City,531643675.0,4.7,1.35,0.0,0.0,0.55,0.25,0.0,-0.14999999999999947,0.0,0.0,0.0,0.0,0.0,517943454.0
2013-06,South Salt Lake,98312123.0,4.85,1.35,0.0,0.0,0.55,0.25,0.0,0.0,0.0,0.0,0.0,0.0,0.0,-44659395.0
2013-06,Taylorsville,41968070.0,4.85,1.35,0.0,0.0,0.55,0.25,0.0,0.0,0.0,0.0,0.0,0.0,0.0,17275611.0
2013-06,West Valley City,165226116.0,4.85,1.35,0.0,0.0,0.55,0.25,0.0,0.14999999999999947,0.0,0.0,0.0,0.0,0.0,-331560137.0
2013-06,Woods Cross,16297190.0,4.85,1.35,0.0,0.0,0.55,0.25,0.0,0.0,0.0,0.0,0.0,0.0,0.0,-84945641.0
2013-07,Bountiful,37649587.0,4.85,1.35,0.0,0.0,0.55,0.25,0.0,0.0,0.0,0.0,0.0,0.0,0.0,-2472181.0
2013-07,Holladay,13669799.0,4.85,1.35,0.0,0.0,0.55,0.25,0.0,0.0,0.0,0.0,0.0,0.0,0.0,-150575856.0
2013-07,Murray,145284773.0,4.85,1.35,0.0,0.0,0.55,0.25,0.0,0.0,0.0,0.0,0.0,0.0,0.0,128019596.0
2013-07,North Salt Lake,26896765.0,4.85,1.35,0.0,0.0,0.55,0.25,0.0,0.0,0.0,0.0,0.0,0.0,0.0,-12280407.0
2013-07,Salt Lake City,521123951.0,4.7,1.35,0.0,0.0,0.55,0.25,0.0,-0.14999999999999947,0.0,0.0,0.0,0.0,0.0,507422062.0
2013-07,South Salt Lake,103022730.0,4.85,1.35,0.0,0.0,0.55,0.25,0.0,0.0,0.0,0.0,0.0,0.0,0.0,-38786791.0
2013-07,Taylorsville,40874152.0,4.85,1.35,0.0,0.0,0.55,0.25,0.0,0.0,0.0,0.0,0.0,0.0,0.0,17187961.0
2013-07,West Valley City,157264554.0,4.85,1.35,0.0,0.0,0.55,0.25,0.0,0.14999999999999947,0.0,0.0,0.0,0.0,0.0,-374379121.0
2013-07,Woods Cross,19282595.0,4.85,1.35,0.0,0.0,0.55,0.25,0.0,0.0,0.0,0.0,0.0,0.0,0.0,-79029528.0
2013-08,Bountiful,37189162.0,4.85,1.35,0.0,0.0,0.55,0.25,0.0,0.0,0.0,0.0,0.0,0.0,0.0,-4778908.0
2013-08,Holladay,15157545.0,4.85,1.35,0.0,0.0,0.55,0.25,0.0,0.0,0.0,0.0,0.0,0.0,0.0,-150068571.0
2013-08,Murray,157419589.0,4.85,1.35,0.0,0.0,0.55,0.25,0.0,0.0,0.0,0.0,0.0,0.0,0.0,141122399.0
2013-08,North Salt Lake,28301221.0,4.85,1.35,0.0,0.0,0.55,0.25,0.0,0.0,0.0,0.0,0.0,0.0,0.0,-9348366.0
2013-08,Salt Lake City,543797881.0,4.7,1.35,0.0,0.0,0.55,0.25,0.0,-0.14999999999999947,0.0,0.0,0.0,0.0,0.0,530128082.0
2013-08,South Salt Lake,105503159.0,4.85,1.35,0.0,0.0,0.55,0.25,0.0,0.0,0.0,0.0,0.0,0.0,0.0,-39781614.0
2013-08,Taylorsville,41902079.0,4.85,1.35,0.0,0.0,0.55,0.25,0.0,0.0,0.0,0.0,0.0,0.0,0.0,15005314.0
2013-08,West Valley City,173779137.0,4.85,1.35,0.0,0.0,0.55,0.25,0.0,0.14999999999999947,0.0,0.0,0.0,0.0,0.0,-347344814.0
2013-08,Woods Cross,21539077.0,4.85,1.35,0.0,0.0,0.55,0.25,0.0,0.0,0.0,0.0,0.0,0.0,0.0,-81483653.0
2013-09,Bountiful,36100289.0,4.85,1.35,0.0,0.0,0.55,0.25,0.0,0.0,0.0,0.0,0.0,0.0,0.0,-4773863.0
2013-09,Holladay,13950034.0,4.85,1.35,0.0,0.0,0.55,0.25,0.0,0.0,0.0,0.0,0.0,0.0,0.0,-143314520.0
2013-09,Murray,141704433.0,4.85,1.35,0.0,0.0,0.55,0.25,0.0,0.0,0.0,0.0,0.0,0.0,0.0,122421838.0
2013-09,North Salt Lake,24085604.0,4.85,1.35,0.0,0.0,0.55,0.25,0.0,0.0,0.0,0.0,0.0,0.0,0.0,-13103558.0
2013-09,Salt Lake City,515170538.0,4.7,1.35,0.0,0.0,0.55,0.25,0.0,-0.14999999999999947,0.0,0.0,0.0,0.0,0.0,500012993.0
2013-09,South Salt Lake,95964623.0,4.85,1.35,0.0,0.0,0.55,0.25,0.0,0.0,0.0,0.0,0.0,0.0,0.0,-61454966.0
2013-09,Taylorsville,40215426.0,4.85,1.35,0.0,0.0,0.55,0.25,0.0,0.0,0.0,0.0,0.0,0.0,0.0,11914205.0
2013-09,West Valley City,159066145.0,4.85,1.35,0.0,0.0,0.55,0.25,0.0,0.14999999999999947,0.0,0.0,0.0,0.0,0.0,-384731736.0
2013-09,Woods Cross,18208475.0,4.85,1.35,0.0,0.0,0.55,0.25,0.0,0.0,0.0,0.0,0.0,0.0,0.0,-87294684.0
2013-10,Bountiful,35220424.0,4.85,1.35,0.0,0.0,0.55,0.25,0.0,0.0,0.0,0.0,0.0,0.0,0.0,-6681655.0
2013-10,Holladay,12972773.0,4.85,1.35,0.0,0.0,0.55,0.25,0.0,0.0,0.0,0.0,0.0,0.0,0.0,-160806364.0
2013-10,Murray,140360014.0,4.85,1.35,0.0,0.0,0.55,0.25,0.0,0.0,0.0,0.0,0.0,0.0,0.0,118820937.0
2013-10,North Salt Lake,26082066.0,4.85,1.35,0.0,0.0,0.55,0.25,0.0,0.0,0.0,0.0,0.0,0.0,0.0,-10018223.0
2013-10,Salt Lake City,517210696.0,4.7,1.35,0.0,0.0,0.55,0.25,0.0,-0.14999999999999947,0.0,0.0,0.0,0.0,0.0,503260662.0
2013-10,South Salt Lake,107172027.0,4.85,1.35,0.0,0.0,0.55,0.25,0.0,0.0,0.0,0.0,0.0,0.0,0.0,-34532406.0
2013-10,Taylorsville,39628016.0,4.85,1.35,0.0,0.0,0.55,0.25,0.0,0.0,0.0,0.0,0.0,0.0,0.0,15542412.0
2013-10,West Valley City,156084714.0,4.85,1.35,0.0,0.0,0.55,0.25,0.0,0.14999999999999947,0.0,0.0,0.0,0.0,0.0,-359085824.0
2013-10,Woods Cross,17689801.0,4.85,1.35,0.0,0.0,0.55,0.25,0.0,0.0,0.0,0.0,0.0,0.0,0.0,-78274822.0
2013-11,Bountiful,37532343.0,4.85,1.35,0.0,0.0,0.55,0.25,0.0,0.0,0.0,0.0,0.0,0.0,0.0,-2683083.0
2013-11,Holladay,14387315.0,4.85,1.35,0.0,0.0,0.55,0.25,0.0,0.0,0.0,0.0,0.0,0.0,0.0,-144678830.0
2013-11,Murray,144261712.0,4.85,1.35,0.0,0.0,0.55,0.25,0.0,0.0,0.0,0.0,0.0,0.0,0.0,126053237.0
2013-11,North Salt Lake,21019811.0,4.85,1.35,0.0,0.0,0.55,0.25,0.0,0.0,0.0,0.0,0.0,0.0,0.0,-14200613.0
2013-11,Salt Lake City,489599281.0,4.7,1.35,0.0,0.0,0.55,0.25,0.0,-0.14999999999999947,0.0,0.0,0.0,0.0,0.0,476626508.0
2013-11,South Salt Lake,97801594.0,4.85,1.35,0.0,0.0,0.55,0.25,0.0,0.0,0.0,0.0,0.0,0.0,0.0,-42558420.0
2013-11,Taylorsville,42196073.0,4.85,1.35,0.0,0.0,0.55,0.25,0.0,0.0,0.0,0.0,0.0,0.0,0.0,16114007.0
2013-11,West Valley City,159253829.0,4.85,1.35,0.0,0.0,0.55,0.25,0.0,0.14999999999999947,0.0,0.0,0.0,0.0,0.0,-357956867.0
2013-11,Woods Cross,16612019.0,4.85,1.35,0.0,0.0,0.55,0.25,0.0,0.0,0.0,0.0,0.0,0.0,0.0,-90560008.0
2013-12,Bountiful,48264067.0,4.85,1.35,0.0,0.0,0.55,0.25,0.0,0.0,0.0,0.0,0.0,0.0,0.0,8636051.0
2013-12,Holladay,18508656.0,4.85,1.35,0.0,0.0,0.55,0.25,0.0,0.0,0.0,0.0,0.0,0.0,0.0,-137576058.0
2013-12,Murray,185778244.0,4.85,1.35,0.0,0.0,0.55,0.25,0.0,0.0,0.0,0.0,0.0,0.0,0.0,168088443.0
2013-12,North Salt Lake,23914807.0,4.85,1.35,0.0,0.0,0.55,0.25,0.0,0.0,0.0,0.0,0.0,0.0,0.0,-13617536.0
2013-12,Salt Lake City,573620905.0,4.7,1.35,0.0,0.0,0.55,0.25,0.0,-0.14999999999999947,0.0,0.0,0.0,0.0,0.0,559233590.0
2013-12,South Salt Lake,102919088.0,4.85,1.35,0.0,0.0,0.55,0.25,0.0,0.0,0.0,0.0,0.0,0.0,0.0,-41342624.0
2013-12,Taylorsville,48606347.0,4.85,1.35,0.0,0.0,0.55,0.25,0.0,0.0,0.0,0.0,0.0,0.0,0.0,27586536.0
2013-12,West Valley City,186647645.0,4.85,1.35,0.0,0.0,0.55,0.25,0.0,0.14999999999999947,0.0,0.0,0.0,0.0,0.0,-302951636.0
2013-12,Woods Cross,19173600.0,4.85,1.35,0.0,0.0,0.55,0.25,0.0,0.0,0.0,0.0,0.0,0.0,0.0,-78627994.0
2014-01,Bountiful,36760944.0,4.85,1.35,0.0,0.0,0.55,0.25,0.0,0.0,0.0,0.0,0.0,0.0,0.0,-5435129.0
2014-01,Holladay,14898977.0,4.85,1.35,0.0,0.0,0.55,0.25,0.0,0.0,0.0,0.0,0.0,0.0,0.0,-144354852.0
2014-01,Murray,131518814.0,4.85,1.35,0.0,0.0,0.55,0.25,0.0,0.0,0.0,0.0,0.0,0.0,0.0,114906795.0
2014-01,North Salt Lake,22516350.0,4.85,1.35,0.0,0.0,0.55,0.25,0.0,0.0,0.0,0.0,0.0,0.0,0.0,-25747717.0
2014-01,Salt Lake City,512440323.0,4.7,1.35,0.0,0.0,0.55,0.25,0.0,-0.14999999999999947,0.0,0.0,0.0,0.0,0.0,493931667.0
2014-01,South Salt Lake,94550642.0,4.85,1.35,0.0,0.0,0.55,0.25,0.0,0.0,0.0,0.0,0.0,0.0,0.0,-91227602.0
2014-01,Taylorsville,36514542.0,4.85,1.35,0.0,0.0,0.55,0.25,0.0,0.0,0.0,0.0,0.0,0.0,0.0,12599735.0
2014-01,West Valley City,148397988.0,4.85,1.35,0.0,0.0,0.55,0.25,0.0,0.14999999999999947,0.0,0.0,0.0,0.0,0.0,-425222917.0
2014-01,Woods Cross,14871065.0,4.85,1.35,0.0,0.0,0.55,0.25,0.0,0.0,0.0,0.0,0.0,0.0,0.0,-88048023.0
2014-02,Bountiful,35288738.0,4.85,1.35,0.0,0.0,0.55,0.25,0.0,0.0,0.0,0.0,0.0,0.0,0.0,-13317609.0
2014-02,Holladay,13493871.0,4.85,1.35,0.0,0.0,0.55,0.25,0.0,0.0,0.0,0.0,0.0,0.0,0.0,-173153774.0
2014-02,Murray,132183654.0,4.85,1.35,0.0,0.0,0.55,0.25,0.0,0.0,0.0,0.0,0.0,0.0,0.0,113010054.0
2014-02,North Salt Lake,21111461.0,4.85,1.35,0.0,0.0,0.55,0.25,0.0,0.0,0.0,0.0,0.0,0.0,0.0,-15649483.0
2014-02,Salt Lake City,481799222.0,4.7,1.35,0.0,0.0,0.55,0.25,0.0,-0.14999999999999947,0.0,0.0,0.0,0.0,0.0,466900245.0
2014-02,South Salt Lake,91513856.0,4.85,1.35,0.0,0.0,0.55,0.25,0.0,0.0,0.0,0.0,0.0,0.0,0.0,-40004958.0
2014-02,Taylorsville,39663117.0,4.85,1.35,0.0,0.0,0.55,0.25,0.0,0.0,0.0,0.0,0.0,0.0,0.0,17146767.0
2014-02,West Valley City,154367153.0,4.85,1.35,0.0,0.0,0.55,0.25,0.0,0.14999999999999947,0.0,0.0,0.0,0.0,0.0,-358073170.0
2014-02,Woods Cross,15797843.0,4.85,1.35,0.0,0.0,0.55,0.25,0.0,0.0,0.0,0.0,0.0,0.0,0.0,-78752799.0
2014-03,Bountiful,37804000.0,4.85,1.35,0.0,0.0,0.55,0.25,0.0,0.0,0.0,0.0,0.0,0.0,0.0,1289458.0
2014-03,Holladay,18374867.0,4.85,1.35,0.0,0.0,0.55,0.25,0.0,0.0,0.0,0.0,0.0,0.0,0.0,-130023121.0
2014-03,Murray,155335487.0,4.85,1.35,0.0,0.0,0.55,0.25,0.0,0.0,0.0,0.0,0.0,0.0,0.0,140464422.0
2014-03,North Salt Lake,24998470.0,4.85,1.35,0.0,0.0,0.55,0.25,0.0,0.0,0.0,0.0,0.0,0.0,0.0,-10290268.0
2014-03,Salt Lake City,537988097.0,4.7,1.35,0.0,0.0,0.55,0.25,0.0,-0.14999999999999947,0.0,0.0,0.0,0.0,0.0,524494226.0
2014-03,South Salt Lake,104405438.0,4.85,1.35,0.0,0.0,0.55,0.25,0.0,0.0,0.0,0.0,0.0,0.0,0.0,-27778216.0
2014-03,Taylorsville,42713485.0,4.85,1.35,0.0,0.0,0.55,0.25,0.0,0.0,0.0,0.0,0.0,0.0,0.0,21602024.0
2014-03,West Valley City,172515197.0,4.85,1.35,0.0,0.0,0.55,0.25,0.0,0.14999999999999947,0.0,0.0,0.0,0.0,0.0,-309284025.0
2014-03,Woods Cross,19147395.0,4.85,1.35,0.0,0.0,0.55,0.25,0.0,0.0,0.0,0.0,0.0,0.0,0.0,-72366461.0
2014-04,Bountiful,38298815.0,4.85,1.35,0.0,0.0,0.55,0.25,0.0,0.0,0.0,0.0,0.0,0.0,0.0,-1364302.0
2014-04,Holladay,13670995.0,4.85,1.35,0.0,0.0,0.55,0.25,0.0,0.0,0.0,0.0,0.0,0.0,0.0,-140696158.0
2014-04,Murray,145182625.0,4.85,1.35,0.0,0.0,0.55,0.25,0.0,0.0,0.0,0.0,0.0,0.0,0.0,129384782.0
2014-04,North Salt Lake,22961616.0,4.85,1.35,0.0,0.0,0.55,0.25,0.0,0.0,0.0,0.0,0.0,0.0,0.0,-14842384.0
2014-04,Salt Lake City,503398236.0,4.7,1.35,0.0,0.0,0.55,0.25,0.0,-0.14999999999999947,0.0,0.0,0.0,0.0,0.0,485023369.0
2014-04,South Salt Lake,105358323.0,4.85,1.35,0.0,0.0,0.55,0.25,0.0,0.0,0.0,0.0,0.0,0.0,0.0,-49977164.0
2014-04,Taylorsville,37420424.0,4.85,1.35,0.0,0.0,0.55,0.25,0.0,0.0,0.0,0.0,0.0,0.0,0.0,12421954.0
2014-04,West Valley City,168062517.0,4.85,1.35,0.0,0.0,0.55,0.25,0.0,0.14999999999999947,0.0,0.0,0.0,0.0,0.0,-369925580.0
2014-04,Woods Cross,17908997.0,4.85,1.35,0.0,0.0,0.55,0.25,0.0,0.0,0.0,0.0,0.0,0.0,0.0,-86496441.0
2014-05,Bountiful,40762260.0,4.85,1.35,0.0,0.0,0.55,0.25,0.0,0.0,0.0,0.0,0.0,0.0,0.0,-1951225.0
2014-05,Holladay,14413781.0,4.85,1.35,0.0,0.0,0.55,0.25,0.0,0.0,0.0,0.0,0.0,0.0,0.0,-158101416.0
2014-05,Murray,150693139.0,4.85,1.35,0.0,0.0,0.55,0.25,0.0,0.0,0.0,0.0,0.0,0.0,0.0,131545744.0
2014-05,North Salt Lake,24080492.0,4.85,1.35,0.0,0.0,0.55,0.25,0.0,0.0,0.0,0.0,0.0,0.0,0.0,-14218323.0
2014-05,Salt Lake City,500621092.0,4.7,1.35,0.0,0.0,0.55,0.25,0.0,-0.14999999999999947,0.0,0.0,0.0,0.0,0.0,486950097.0
2014-05,South Salt Lake,106898300.0,4.85,1.35,0.0,0.0,0.55,0.25,0.0,0.0,0.0,0.0,0.0,0.0,0.0,-38284325.0
2014-05,Taylorsville,38233593.0,4.85,1.35,0.0,0.0,0.55,0.25,0.0,0.0,0.0,0.0,0.0,0.0,0.0,15271977.0
2014-05,West Valley City,174065771.0,4.85,1.35,0.0,0.0,0.55,0.25,0.0,0.14999999999999947,0.0,0.0,0.0,0.0,0.0,-329332465.0
2014-05,Woods Cross,21630903.0,4.85,1.35,0.0,0.0,0.55,0.25,0.0,0.0,0.0,0.0,0.0,0.0,0.0,-83727420.0
2014-06,Bountiful,39492241.0,4.85,1.35,0.0,0.0,0.55,0.25,0.0,0.0,0.0,0.0,0.0,0.0,0.0,2071817.0
2014-06,Holladay,17669691.0,4.85,1.35,0.0,0.0,0.55,0.25,0.0,0.0,0.0,0.0,0.0,0.0,0.0,-150392826.0
2014-06,Murray,152697720.0,4.85,1.35,0.0,0.0,0.55,0.25,0.0,0.0,0.0,0.0,0.0,0.0,0.0,134788723.0
2014-06,North Salt Lake,32454353.0,4.85,1.35,0.0,0.0,0.55,0.25,0.0,0.0,0.0,0.0,0.0,0.0,0.0,-8307907.0
2014-06,Salt Lake City,548403778.0,4.7,1.35,0.0,0.0,0.55,0.25,0.0,-0.14999999999999947,0.0,0.0,0.0,0.0,0.0,533989997.0
2014-06,South Salt Lake,114744752.0,4.85,1.35,0.0,0.0,0.55,0.25,0.0,0.0,0.0,0.0,0.0,0.0,0.0,-35948387.0
2014-06,Taylorsville,40091734.0,4.85,1.35,0.0,0.0,0.55,0.25,0.0,0.0,0.0,0.0,0.0,0.0,0.0,16011242.0
2014-06,West Valley City,177093779.0,4.85,1.35,0.0,0.0,0.55,0.25,0.0,0.14999999999999947,0.0,0.0,0.0,0.0,0.0,-323527313.0
2014-06,Woods Cross,21943901.0,4.85,1.35,0.0,0.0,0.55,0.25,0.0,0.0,0.0,0.0,0.0,0.0,0.0,-84954399.0
2014-07,Bountiful,40127534.0,4.85,1.35,0.0,0.0,0.55,0.25,0.0,0.0,0.0,0.0,0.0,0.0,0.0,1893941.0
2014-07,Holladay,15954948.0,4.85,1.35,0.0,0.0,0.55,0.25,0.0,0.0,0.0,0.0,0.0,0.0,0.0,-158110823.0
2014-07,Murray,154446588.0,4.85,1.35,0.0,0.0,0.55,0.25,0.0,0.0,0.0,0.0,0.0,0.0,0.0,132815685.0
2014-07,North Salt Lake,29068154.0,4.85,1.35,0.0,0.0,0.55,0.25,0.0,0.0,0.0,0.0,0.0,0.0,0.0,-10424087.0
2014-07,Salt Lake City,550162787.0,4.7,1.35,0.0,0.0,0.55,0.25,0.0,-0.14999999999999947,0.0,0.0,0.0,0.0,0.0,532493096.0
2014-07,South Salt Lake,113150144.0,4.85,1.35,0.0,0.0,0.55,0.25,0.0,0.0,0.0,0.0,0.0,0.0,0.0,-39547576.0
2014-07,Taylorsville,39908641.0,4.85,1.35,0.0,0.0,0.55,0.25,0.0,0.0,0.0,0.0,0.0,0.0,0.0,7454288.0
2014-07,West Valley City,175276684.0,4.85,1.35,0.0,0.0,0.55,0.25,0.0,0.14999999999999947,0.0,0.0,0.0,0.0,0.0,-373127094.0
2014-07,Woods Cross,26548208.0,4.85,1.35,0.0,0.0,0.55,0.25,0.0,0.0,0.0,0.0,0.0,0.0,0.0,-88196544.0
2014-08,Bountiful,40096381.0,4.85,1.35,0.0,0.0,0.55,0.25,0.0,0.0,0.0,0.0,0.0,0.0,0.0,4647.0
2014-08,Holladay,15486327.0,4.85,1.35,0.0,0.0,0.55,0.25,0.0,0.0,0.0,0.0,0.0,0.0,0.0,-161607452.0
2014-08,Murray,163693206.0,4.85,1.35,0.0,0.0,0.55,0.25,0.0,0.0,0.0,0.0,0.0,0.0,0.0,141749305.0
2014-08,North Salt Lake,33491210.0,4.85,1.35,0.0,0.0,0.55,0.25,0.0,0.0,0.0,0.0,0.0,0.0,0.0,-6636324.0
2014-08,Salt Lake City,573318787.0,4.7,1.35,0.0,0.0,0.55,0.25,0.0,-0.14999999999999947,0.0,0.0,0.0,0.0,0.0,557363839.0
2014-08,South Salt Lake,111671484.0,4.85,1.35,0.0,0.0,0.55,0.25,0.0,0.0,0.0,0.0,0.0,0.0,0.0,-42775104.0
2014-08,Taylorsville,40683003.0,4.85,1.35,0.0,0.0,0.55,0.25,0.0,0.0,0.0,0.0,0.0,0.0,0.0,11614849.0
2014-08,West Valley City,185956987.0,4.85,1.35,0.0,0.0,0.55,0.25,0.0,0.14999999999999947,0.0,0.0,0.0,0.0,0.0,-364205800.0
2014-08,Woods Cross,19352677.0,4.85,1.35,0.0,0.0,0.55,0.25,0.0,0.0,0.0,0.0,0.0,0.0,0.0,-93797467.0
2014-09,Bountiful,39155541.0,4.85,1.35,0.0,0.0,0.55,0.25,0.0,0.0,0.0,0.0,0.0,0.0,0.0,-753100.0
2014-09,Holladay,15219185.0,4.85,1.35,0.0,0.0,0.55,0.25,0.0,0.0,0.0,0.0,0.0,0.0,0.0,-160057499.0
2014-09,Murray,150860201.0,4.85,1.35,0.0,0.0,0.55,0.25,0.0,0.0,0.0,0.0,0.0,0.0,0.0,124311993.0
2014-09,North Salt Lake,28781477.0,4.85,1.35,0.0,0.0,0.55,0.25,0.0,0.0,0.0,0.0,0.0,0.0,0.0,-11314904.0
2014-09,Salt Lake City,575635749.0,4.7,1.35,0.0,0.0,0.55,0.25,0.0,-0.14999999999999947,0.0,0.0,0.0,0.0,0.0,560149422.0
2014-09,South Salt Lake,114497267.0,4.85,1.35,0.0,0.0,0.55,0.25,0.0,0.0,0.0,0.0,0.0,0.0,0.0,-49195939.0
2014-09,Taylorsville,38278426.0,4.85,1.35,0.0,0.0,0.55,0.25,0.0,0.0,0.0,0.0,0.0,0.0,0.0,4787216.0
2014-09,West Valley City,174079059.0,4.85,1.35,0.0,0.0,0.55,0.25,0.0,0.14999999999999947,0.0,0.0,0.0,0.0,0.0,-399239728.0
2014-09,Woods Cross,22213575.0,4.85,1.35,0.0,0.0,0.55,0.25,0.0,0.0,0.0,0.0,0.0,0.0,0.0,-89457909.0
2014-10,Bountiful,39674456.0,4.85,1.35,0.0,0.0,0.55,0.25,0.0,0.0,0.0,0.0,0.0,0.0,0.0,-1008547.0
2014-10,Holladay,15468581.0,4.85,1.35,0.0,0.0,0.55,0.25,0.0,0.0,0.0,0.0,0.0,0.0,0.0,-170488406.0
2014-10,Murray,147291446.0,4.85,1.35,0.0,0.0,0.55,0.25,0.0,0.0,0.0,0.0,0.0,0.0,0.0,127938769.0
2014-10,North Salt Lake,29892860.0,4.85,1.35,0.0,0.0,0.55,0.25,0.0,0.0,0.0,0.0,0.0,0.0,0.0,-9262681.0
2014-10,Salt Lake City,530785045.0,4.7,1.35,0.0,0.0,0.55,0.25,0.0,-0.14999999999999947,0.0,0.0,0.0,0.0,0.0,515565860.0
2014-10,South Salt Lake,121053366.0,4.85,1.35,0.0,0.0,0.55,0.25,0.0,0.0,0.0,0.0,0.0,0.0,0.0,-29806835.0
2014-10,Taylorsville,40430735.0,4.85,1.35,0.0,0.0,0.55,0.25,0.0,0.0,0.0,0.0,0.0,0.0,0.0,11649258.0
2014-10,West Valley City,166422290.0,4.85,1.35,0.0,0.0,0.55,0.25,0.0,0.14999999999999947,0.0,0.0,0.0,0.0,0.0,-409213459.0
2014-10,Woods Cross,21311152.0,4.85,1.35,0.0,0.0,0.55,0.25,0.0,0.0,0.0,0.0,0.0,0.0,0.0,-93186115.0
2014-11,Bountiful,38421156.0,4.85,1.35,0.0,0.0,0.55,0.25,0.0,0.0,0.0,0.0,0.0,0.0,0.0,142730.0
2014-11,Holladay,15495609.0,4.85,1.35,0.0,0.0,0.55,0.25,0.0,0.0,0.0,0.0,0.0,0.0,0.0,-158583450.0
2014-11,Murray,152016080.0,4.85,1.35,0.0,0.0,0.55,0.25,0.0,0.0,0.0,0.0,0.0,0.0,0.0,129802505.0
2014-11,North Salt Lake,25170474.0,4.85,1.35,0.0,0.0,0.55,0.25,0.0,0.0,0.0,0.0,0.0,0.0,0.0,-14503982.0
2014-11,Salt Lake City,509001612.0,4.7,1.35,0.0,0.0,0.55,0.25,0.0,-0.14999999999999947,0.0,0.0,0.0,0.0,0.0,493533031.0
2014-11,South Salt Lake,106790061.0,4.85,1.35,0.0,0.0,0.55,0.25,0.0,0.0,0.0,0.0,0.0,0.0,0.0,-40501385.0
2014-11,Taylorsville,43950298.0,4.85,1.35,0.0,0.0,0.55,0.25,0.0,0.0,0.0,0.0,0.0,0.0,0.0,14057438.0
2014-11,West Valley City,172690103.0,4.85,1.35,0.0,0.0,0.55,0.25,0.0,0.14999999999999947,0.0,0.0,0.0,0.0,0.0,-358094942.0
2014-11,Woods Cross,17944698.0,4.85,1.35,0.0,0.0,0.55,0.25,0.0,0.0,0.0,0.0,0.0,0.0,0.0,-103108668.0
2014-12,Bountiful,51485779.0,4.85,1.35,0.0,0.0,0.55,0.25,0.0,0.0,0.0,0.0,0.0,0.0,0.0,11055044.0
2014-12,Holladay,20576228.0,4.85,1.35,0.0,0.0,0.55,0.25,0.0,0.0,0.0,0.0,0.0,0.0,0.0,-145846062.0
2014-12,Murray,198344733.0,4.85,1.35,0.0,0.0,0.55,0.25,0.0,0.0,0.0,0.0,0.0,0.0,0.0,177033581.0
2014-12,North Salt Lake,29509888.0,4.85,1.35,0.0,0.0,0.55,0.25,0.0,0.0,0.0,0.0,0.0,0.0,0.0,-8911268.0
2014-12,Salt Lake City,622899746.0,4.7,1.35,0.0,0.0,0.55,0.25,0.0,-0.14999999999999947,0.0,0.0,0.0,0.0,0.0,607404137.0
2014-12,South Salt Lake,112047414.0,4.85,1.35,0.0,0.0,0.55,0.25,0.0,0.0,0.0,0.0,0.0,0.0,0.0,-39968666.0
2014-12,Taylorsville,46081603.0,4.85,1.35,0.0,0.0,0.55,0.25,0.0,0.0,0.0,0.0,0.0,0.0,0.0,20911129.0
2014-12,West Valley City,203706359.0,4.85,1.35,0.0,0.0,0.55,0.25,0.0,0.14999999999999947,0.0,0.0,0.0,0.0,0.0,-305295253.0
2014-12,Woods Cross,18597507.0,4.85,1.35,0.0,0.0,0.55,0.25,0.0,0.0,0.0,0.0,0.0,0.0,0.0,-88192554.0
2015-01,Bountiful,39881302.0,4.85,1.35,0.0,0.0,0.55,0.25,0.0,0.0,0.0,0.0,0.0,0.0,0.0,-4068996.0
2015-01,Holladay,16681211.0,4.85,1.35,0.0,0.0,0.55,0.25,0.0,0.0,0.0,0.0,0.0,0.0,0.0,-156008892.0
2015-01,Murray,143494798.0,4.85,1.35,0.0,0.0,0.55,0.25,0.0,0.0,0.0,0.0,0.0,0.0,0.0,125550100.0
2015-01,North Salt Lake,24662784.0,4.85,1.35,0.0,0.0,0.55,0.25,0.0,0.0,0.0,0.0,0.0,0.0,0.0,-26822995.0
2015-01,Salt Lake City,543544695.0,4.7,1.35,0.0,0.0,0.55,0.25,0.0,-0.14999999999999947,0.0,0.0,0.0,0.0,0.0,522968467.0
2015-01,South Salt Lake,100065872.0,4.85,1.35,0.0,0.0,0.55,0.25,0.0,0.0,0.0,0.0,0.0,0.0,0.0,-98278861.0
2015-01,Taylorsville,42119417.0,4.85,1.35,0.0,0.0,0.55,0.25,0.0,0.0,0.0,0.0,0.0,0.0,0.0,12609529.0
2015-01,West Valley City,164847070.0,4.85,1.35,0.0,0.0,0.55,0.25,0.0,0.14999999999999947,0.0,0.0,0.0,0.0,0.0,-458052676.0
2015-01,Woods Cross,17706140.0,4.85,1.35,0.0,0.0,0.55,0.25,0.0,0.0,0.0,0.0,0.0,0.0,0.0,-94341274.0
2015-02,Bountiful,40424183.0,4.85,1.35,0.0,0.0,0.55,0.25,0.0,0.0,0.0,0.0,0.0,0.0,0.0,-5657420.0
2015-02,Holladay,15562253.0,4.85,1.35,0.0,0.0,0.55,0.25,0.0,0.0,0.0,0.0,0.0,0.0,0.0,-188144106.0
2015-02,Murray,139891141.0,4.85,1.35,0.0,0.0,0.55,0.25,0.0,0.0,0.0,0.0,0.0,0.0,0.0,121293634.0
2015-02,North Salt Lake,23809120.0,4.85,1.35,0.0,0.0,0.55,0.25,0.0,0.0,0.0,0.0,0.0,0.0,0.0,-16072182.0
2015-02,Salt Lake City,515617848.0,4.7,1.35,0.0,0.0,0.55,0.25,0.0,-0.14999999999999947,0.0,0.0,0.0,0.0,0.0,498936637.0
2015-02,South Salt Lake,103684173.0,4.85,1.35,0.0,0.0,0.55,0.25,0.0,0.0,0.0,0.0,0.0,0.0,0.0,-39810625.0
2015-02,Taylorsville,41689179.0,4.85,1.35,0.0,0.0,0.55,0.25,0.0,0.0,0.0,0.0,0.0,0.0,0.0,17026395.0
2015-02,West Valley City,162650556.0,4.85,1.35,0.0,0.0,0.55,0.25,0.0,0.14999999999999947,0.0,0.0,0.0,0.0,0.0,-380894139.0
2015-02,Woods Cross,16836565.0,4.85,1.35,0.0,0.0,0.55,0.25,0.0,0.0,0.0,0.0,0.0,0.0,0.0,-83229307.0
2015-03,Bountiful,42723015.0,4.85,1.35,0.0,0.0,0.55,0.25,0.0,0.0,0.0,0.0,0.0,0.0,0.0,603598.0
2015-03,Holladay,16452961.0,4.85,1.35,0.0,0.0,0.55,0.25,0.0,0.0,0.0,0.0,0.0,0.0,0.0,-148394109.0
2015-03,Murray,157483745.0,4.85,1.35,0.0,0.0,0.55,0.25,0.0,0.0,0.0,0.0,0.0,0.0,0.0,139777605.0
2015-03,North Salt Lake,25327153.0,4.85,1.35,0.0,0.0,0.55,0.25,0.0,0.0,0.0,0.0,0.0,0.0,0.0,-15097030.0
2015-03,Salt Lake City,581089184.0,4.7,1.35,0.0,0.0,0.55,0.25,0.0,-0.14999999999999947,0.0,0.0,0.0,0.0,0.0,565526931.0
2015-03,South Salt Lake,114274713.0,4.85,1.35,0.0,0.0,0.55,0.25,0.0,0.0,0.0,0.0,0.0,0.0,0.0,-25616428.0
2015-03,Taylorsville,40908928.0,4.85,1.35,0.0,0.0,0.55,0.25,0.0,0.0,0.0,0.0,0.0,0.0,0.0,17099808.0
2015-03,West Valley City,183057245.0,4.85,1.35,0.0,0.0,0.55,0.25,0.0,0.14999999999999947,0.0,0.0,0.0,0.0,0.0,-332560603.0
2015-03,Woods Cross,20016566.0,4.85,1.35,0.0,0.0,0.55,0.25,0.0,0.0,0.0,0.0,0.0,0.0,0.0,-83667607.0
2015-04,Bountiful,39967865.0,4.85,1.35,0.0,0.0,0.55,0.25,0.0,0.0,0.0,0.0,0.0,0.0,0.0,-1721314.0
2015-04,Holladay,15071783.0,4.85,1.35,0.0,0.0,0.55,0.25,0.0,0.0,0.0,0.0,0.0,0.0,0.0,-147578773.0
2015-04,Murray,146813075.0,4.85,1.35,0.0,0.0,0.55,0.25,0.0,0.0,0.0,0.0,0.0,0.0,0.0,129976510.0
2015-04,North Salt Lake,25334915.0,4.85,1.35,0.0,0.0,0.55,0.25,0.0,0.0,0.0,0.0,0.0,0.0,0.0,-17388100.0
2015-04,Salt Lake City,525030705.0,4.7,1.35,0.0,0.0,0.55,0.25,0.0,-0.14999999999999947,0.0,0.0,0.0,0.0,0.0,508577744.0
2015-04,South Salt Lake,115501234.0,4.85,1.35,0.0,0.0,0.55,0.25,0.0,0.0,0.0,0.0,0.0,0.0,0.0,-41982511.0
2015-04,Taylorsville,37223376.0,4.85,1.35,0.0,0.0,0.55,0.25,0.0,0.0,0.0,0.0,0.0,0.0,0.0,11896223.0
2015-04,West Valley City,182548068.0,4.85,1.35,0.0,0.0,0.55,0.25,0.0,0.14999999999999947,0.0,0.0,0.0,0.0,0.0,-398541116.0
2015-04,Woods Cross,19394107.0,4.85,1.35,0.0,0.0,0.55,0.25,0.0,0.0,0.0,0.0,0.0,0.0,0.0,-94880606.0
2015-05,Bountiful,42169910.0,4.85,1.35,0.0,0.0,0.55,0.25,0.0,0.0,0.0,0.0,0.0,0.0,0.0,1260982.0
2015-05,Holladay,15888154.0,4.85,1.35,0.0,0.0,0.55,0.25,0.0,0.0,0.0,0.0,0.0,0.0,0.0,-167169091.0
2015-05,Murray,156183913.0,4.85,1.35,0.0,0.0,0.55,0.25,0.0,0.0,0.0,0.0,0.0,0.0,0.0,136167347.0
2015-05,North Salt Lake,27165883.0,4.85,1.35,0.0,0.0,0.55,0.25,0.0,0.0,0.0,0.0,0.0,0.0,0.0,-12801982.0
2015-05,Salt Lake City,537041715.0,4.7,1.35,0.0,0.0,0.55,0.25,0.0,-0.14999999999999947,0.0,0.0,0.0,0.0,0.0,521969932.0
2015-05,South Salt Lake,111417692.0,4.85,1.35,0.0,0.0,0.55,0.25,0.0,0.0,0.0,0.0,0.0,0.0,0.0,-35395383.0
2015-05,Taylorsville,40776558.0,4.85,1.35,0.0,0.0,0.55,0.25,0.0,0.0,0.0,0.0,0.0,0.0,0.0,15441643.0
2015-05,West Valley City,175908432.0,4.85,1.35,0.0,0.0,0.55,0.25,0.0,0.14999999999999947,0.0,0.0,0.0,0.0,0.0,-349122273.0
2015-05,Woods Cross,22022797.0,4.85,1.35,0.0,0.0,0.55,0.25,0.0,0.0,0.0,0.0,0.0,0.0,0.0,-93478437.0
2015-06,Bountiful,44112271.0,4.85,1.35,0.0,0.0,0.55,0.25,0.0,0.0,0.0,0.0,0.0,0.0,0.0,6888895.0
2015-06,Holladay,18045160.0,4.85,1.35,0.0,0.0,0.55,0.25,0.0,0.0,0.0,0.0,0.0,0.0,0.0,-164502908.0
2015-06,Murray,163928175.0,4.85,1.35,0.0,0.0,0.55,0.25,0.0,0.0,0.0,0.0,0.0,0.0,0.0,144534068.0
2015-06,North Salt Lake,32463277.0,4.85,1.35,0.0,0.0,0.55,0.25,0.0,0.0,0.0,0.0,0.0,0.0,0.0,-9706633.0
2015-06,Salt Lake City,573976956.0,4.7,1.35,0.0,0.0,0.55,0.25,0.0,-0.14999999999999947,0.0,0.0,0.0,0.0,0.0,558088802.0
2015-06,South Salt Lake,129504416.0,4.85,1.35,0.0,0.0,0.55,0.25,0.0,0.0,0.0,0.0,0.0,0.0,0.0,-26679497.0
2015-06,Taylorsville,42942750.0,4.85,1.35,0.0,0.0,0.55,0.25,0.0,0.0,0.0,0.0,0.0,0.0,0.0,15776867.0
2015-06,West Valley City,200866510.0,4.85,1.35,0.0,0.0,0.55,0.25,0.0,0.14999999999999947,0.0,0.0,0.0,0.0,0.0,-336175205.0
2015-06,Woods Cross,24415836.0,4.85,1.35,0.0,0.0,0.55,0.25,0.0,0.0,0.0,0.0,0.0,0.0,0.0,-87001856.0
2015-07,Bountiful,45634472.0,4.85,1.35,0.0,0.0,0.55,0.25,0.0,0.0,0.0,0.0,0.0,0.0,0.0,4857914.0
2015-07,Holladay,17245571.0,4.85,1.35,0.0,0.0,0.55,0.25,0.0,0.0,0.0,0.0,0.0,0.0,0.0,-158662861.0
2015-07,Murray,164948131.0,4.85,1.35,0.0,0.0,0.55,0.25,0.0,0.0,0.0,0.0,0.0,0.0,0.0,142925334.0
2015-07,North Salt Lake,32656192.0,4.85,1.35,0.0,0.0,0.55,0.25,0.0,0.0,0.0,0.0,0.0,0.0,0.0,-11456079.0
2015-07,Salt Lake City,572555498.0,4.7,1.35,0.0,0.0,0.55,0.25,0.0,-0.14999999999999947,0.0,0.0,0.0,0.0,0.0,554510338.0
2015-07,South Salt Lake,124994218.0,4.85,1.35,0.0,0.0,0.55,0.25,0.0,0.0,0.0,0.0,0.0,0.0,0.0,-38933957.0
2015-07,Taylorsville,41568635.0,4.85,1.35,0.0,0.0,0.55,0.25,0.0,0.0,0.0,0.0,0.0,0.0,0.0,9105358.0
2015-07,West Valley City,193219527.0,4.85,1.35,0.0,0.0,0.55,0.25,0.0,0.14999999999999947,0.0,0.0,0.0,0.0,0.0,-380757429.0
2015-07,Woods Cross,25383492.0,4.85,1.35,0.0,0.0,0.55,0.25,0.0,0.0,0.0,0.0,0.0,0.0,0.0,-104120924.0
2015-08,Bountiful,46850794.0,4.85,1.35,0.0,0.0,0.55,0.25,0.0,0.0,0.0,0.0,0.0,0.0,0.0,3908044.0
2015-08,Holladay,17027948.0,4.85,1.35,0.0,0.0,0.55,0.25,0.0,0.0,0.0,0.0,0.0,0.0,0.0,-183838562.0
2015-08,Murray,173854711.0,4.85,1.35,0.0,0.0,0.55,0.25,0.0,0.0,0.0,0.0,0.0,0.0,0.0,149438875.0
2015-08,North Salt Lake,32274631.0,4.85,1.35,0.0,0.0,0.55,0.25,0.0,0.0,0.0,0.0,0.0,0.0,0.0,-13359841.0
2015-08,Salt Lake City,603482978.0,4.7,1.35,0.0,0.0,0.55,0.25,0.0,-0.14999999999999947,0.0,0.0,0.0,0.0,0.0,586237407.0
2015-08,South Salt Lake,121111748.0,4.85,1.35,0.0,0.0,0.55,0.25,0.0,0.0,0.0,0.0,0.0,0.0,0.0,-43836383.0
2015-08,Taylorsville,41254827.0,4.85,1.35,0.0,0.0,0.55,0.25,0.0,0.0,0.0,0.0,0.0,0.0,0.0,8598635.0
2015-08,West Valley City,194907195.0,4.85,1.35,0.0,0.0,0.55,0.25,0.0,0.14999999999999947,0.0,0.0,0.0,0.0,0.0,-377648303.0
2015-08,Woods Cross,26009087.0,4.85,1.35,0.0,0.0,0.55,0.25,0.0,0.0,0.0,0.0,0.0,0.0,0.0,-98985131.0
2015-09,Bountiful,44423248.0,4.85,1.35,0.0,0.0,0.55,0.25,0.0,0.0,0.0,0.0,0.0,0.0,0.0,2854613.0
2015-09,Holladay,16435951.0,4.85,1.35,0.0,0.0,0.55,0.25,0.0,0.0,0.0,0.0,0.0,0.0,0.0,-176783576.0
2015-09,Murray,158993638.0,4.85,1.35,0.0,0.0,0.55,0.25,0.0,0.0,0.0,0.0,0.0,0.0,0.0,133610146.0
2015-09,North Salt Lake,28555428.0,4.85,1.35,0.0,0.0,0.55,0.25,0.0,0.0,0.0,0.0,0.0,0.0,0.0,-18295366.0
2015-09,Salt Lake City,596192759.0,4.7,1.35,0.0,0.0,0.55,0.25,0.0,-0.14999999999999947,0.0,0.0,0.0,0.0,0.0,579164811.0
2015-09,South Salt Lake,122998523.0,4.85,1.35,0.0,0.0,0.55,0.25,0.0,0.0,0.0,0.0,0.0,0.0,0.0,-50856188.0
2015-09,Taylorsville,40062784.0,4.85,1.35,0.0,0.0,0.55,0.25,0.0,0.0,0.0,0.0,0.0,0.0,0.0,7788153.0
2015-09,West Valley City,196755066.0,4.85,1.35,0.0,0.0,0.55,0.25,0.0,0.14999999999999947,0.0,0.0,0.0,0.0,0.0,-406727912.0
2015-09,Woods Cross,21859154.0,4.85,1.35,0.0,0.0,0.55,0.25,0.0,0.0,0.0,0.0,0.0,0.0,0.0,-99252594.0
2015-10,Bountiful,43568297.0,4.85,1.35,0.0,0.0,0.55,0.25,0.0,0.0,0.0,0.0,0.0,0.0,0.0,2313470.0
2015-10,Holladay,15203375.0,4.85,1.35,0.0,0.0,0.55,0.25,0.0,0.0,0.0,0.0,0.0,0.0,0.0,-179703820.0
2015-10,Murray,157543974.0,4.85,1.35,0.0,0.0,0.55,0.25,0.0,0.0,0.0,0.0,0.0,0.0,0.0,131534887.0
2015-10,North Salt Lake,27048450.0,4.85,1.35,0.0,0.0,0.55,0.25,0.0,0.0,0.0,0.0,0.0,0.0,0.0,-17374798.0
2015-10,Salt Lake City,565546318.0,4.7,1.35,0.0,0.0,0.55,0.25,0.0,-0.14999999999999947,0.0,0.0,0.0,0.0,0.0,549110367.0
2015-10,South Salt Lake,120570552.0,4.85,1.35,0.0,0.0,0.55,0.25,0.0,0.0,0.0,0.0,0.0,0.0,0.0,-38423086.0
2015-10,Taylorsville,41295649.0,4.85,1.35,0.0,0.0,0.55,0.25,0.0,0.0,0.0,0.0,0.0,0.0,0.0,12740221.0
2015-10,West Valley City,173453261.0,4.85,1.35,0.0,0.0,0.55,0.25,0.0,0.14999999999999947,0.0,0.0,0.0,0.0,0.0,-422739498.0
2015-10,Woods Cross,20813528.0,4.85,1.35,0.0,0.0,0.55,0.25,0.0,0.0,0.0,0.0,0.0,0.0,0.0,-102184995.0
2015-11,Bountiful,41364101.0,4.85,1.35,0.0,0.0,0.55,0.25,0.0,0.0,0.0,0.0,0.0,0.0,0.0,1301317.0
2015-11,Holladay,16210938.0,4.85,1.35,0.0,0.0,0.55,0.25,0.0,0.0,0.0,0.0,0.0,0.0,0.0,-180544128.0
2015-11,Murray,157653859.0,4.85,1.35,0.0,0.0,0.55,0.25,0.0,0.0,0.0,0.0,0.0,0.0,0.0,135794705.0
2015-11,North Salt Lake,27873995.0,4.85,1.35,0.0,0.0,0.55,0.25,0.0,0.0,0.0,0.0,0.0,0.0,0.0,-15694302.0
2015-11,Salt Lake City,540616885.0,4.7,1.35,0.0,0.0,0.55,0.25,0.0,-0.14999999999999947,0.0,0.0,0.0,0.0,0.0,525413510.0
2015-11,South Salt Lake,113344711.0,4.85,1.35,0.0,0.0,0.55,0.25,0.0,0.0,0.0,0.0,0.0,0.0,0.0,-44199263.0
2015-11,Taylorsville,42465924.0,4.85,1.35,0.0,0.0,0.55,0.25,0.0,0.0,0.0,0.0,0.0,0.0,0.0,15417474.0
2015-11,West Valley City,172720519.0,4.85,1.35,0.0,0.0,0.55,0.25,0.0,0.14999999999999947,0.0,0.0,0.0,0.0,0.0,-392825799.0
2015-11,Woods Cross,19913079.0,4.85,1.35,0.0,0.0,0.55,0.25,0.0,0.0,0.0,0.0,0.0,0.0,0.0,-100657473.0
2015-12,Bountiful,56509387.0,4.85,1.35,0.0,0.0,0.55,0.25,0.0,0.0,0.0,0.0,0.0,0.0,0.0,15213738.0
2015-12,Holladay,21743964.0,4.85,1.35,0.0,0.0,0.55,0.25,0.0,0.0,0.0,0.0,0.0,0.0,0.0,-151709297.0
2015-12,Murray,204200931.0,4.85,1.35,0.0,0.0,0.55,0.25,0.0,0.0,0.0,0.0,0.0,0.0,0.0,183387403.0
2015-12,North Salt Lake,27838416.0,4.85,1.35,0.0,0.0,0.55,0.25,0.0,0.0,0.0,0.0,0.0,0.0,0.0,-13525685.0
2015-12,Salt Lake City,640247066.0,4.7,1.35,0.0,0.0,0.55,0.25,0.0,-0.14999999999999947,0.0,0.0,0.0,0.0,0.0,624036128.0
2015-12,South Salt Lake,122898880.0,4.85,1.35,0.0,0.0,0.55,0.25,0.0,0.0,0.0,0.0,0.0,0.0,0.0,-34754979.0
2015-12,Taylorsville,63428366.0,4.85,1.35,0.0,0.0,0.55,0.25,0.0,0.0,0.0,0.0,0.0,0.0,0.0,35554371.0
2015-12,West Valley City,221484221.0,4.85,1.35,0.0,0.0,0.55,0.25,0.0,0.14999999999999947,0.0,0.0,0.0,0.0,0.0,-319132664.0
2015-12,Woods Cross,21328538.0,4.85,1.35,0.0,0.0,0.55,0.25,0.0,0.0,0.0,0.0,0.0,0.0,0.0,-92016173.0
2016-01,Bountiful,40084151.0,4.85,1.35,0.0,0.0,0.55,0.25,0.0,0.0,0.0,0.0,0.0,0.0,0.0,-2381773.0
2016-01,Holladay,17182166.0,4.85,1.35,0.0,0.0,0.55,0.25,0.0,0.0,0.0,0.0,0.0,0.0,0.0,-155538353.0
2016-01,Murray,141500969.0,4.85,1.35,0.0,0.0,0.55,0.25,0.0,0.0,0.0,0.0,0.0,0.0,0.0,121587890.0
2016-01,North Salt Lake,25787343.0,4.85,1.35,0.0,0.0,0.55,0.25,0.0,0.0,0.0,0.0,0.0,0.0,0.0,-30722044.0
2016-01,Salt Lake City,531226725.0,4.7,1.35,0.0,0.0,0.55,0.25,0.0,-0.14999999999999947,0.0,0.0,0.0,0.0,0.0,509482761.0
2016-01,South Salt Lake,101725132.0,4.85,1.35,0.0,0.0,0.55,0.25,0.0,0.0,0.0,0.0,0.0,0.0,0.0,-102475799.0
2016-01,Taylorsville,43832888.0,4.85,1.35,0.0,0.0,0.55,0.25,0.0,0.0,0.0,0.0,0.0,0.0,0.0,15994472.0
2016-01,West Valley City,156652190.0,4.85,1.35,0.0,0.0,0.55,0.25,0.0,0.14999999999999947,0.0,0.0,0.0,0.0,0.0,-483594876.0
2016-01,Woods Cross,17200305.0,4.85,1.35,0.0,0.0,0.55,0.25,0.0,0.0,0.0,0.0,0.0,0.0,0.0,-105698575.0
2016-02,Bountiful,43841818.0,4.85,1.35,0.0,0.0,0.55,0.25,0.0,0.0,0.0,0.0,0.0,0.0,0.0,-19586548.0
2016-02,Holladay,16726052.0,4.85,1.35,0.0,0.0,0.55,0.25,0.0,0.0,0.0,0.0,0.0,0.0,0.0,-204758169.0
2016-02,Murray,145958928.0,4.85,1.35,0.0,0.0,0.55,0.25,0.0,0.0,0.0,0.0,0.0,0.0,0.0,124630390.0
2016-02,North Salt Lake,27046028.0,4.85,1.35,0.0,0.0,0.55,0.25,0.0,0.0,0.0,0.0,0.0,0.0,0.0,-13038123.0
2016-02,Salt Lake City,528579960.0,4.7,1.35,0.0,0.0,0.55,0.25,0.0,-0.14999999999999947,0.0,0.0,0.0,0.0,0.0,511397794.0
2016-02,South Salt Lake,116661800.0,4.85,1.35,0.0,0.0,0.55,0.25,0.0,0.0,0.0,0.0,0.0,0.0,0.0,-24839169.0
2016-02,Taylorsville,42579446.0,4.85,1.35,0.0,0.0,0.55,0.25,0.0,0.0,0.0,0.0,0.0,0.0,0.0,16792103.0
2016-02,West Valley City,175205949.0,4.85,1.35,0.0,0.0,0.55,0.25,0.0,0.14999999999999947,0.0,0.0,0.0,0.0,0.0,-356020776.0
2016-02,Woods Cross,18806416.0,4.85,1.35,0.0,0.0,0.55,0.25,0.0,0.0,0.0,0.0,0.0,0.0,0.0,-82918716.0
2016-03,Bountiful,48950906.0,4.85,1.35,0.0,0.0,0.55,0.25,0.0,0.0,0.0,0.0,0.0,0.0,0.0,5118018.0
2016-03,Holladay,18052926.0,4.85,1.35,0.0,0.0,0.55,0.25,0.0,0.0,0.0,0.0,0.0,0.0,0.0,-138599264.0
2016-03,Murray,165577886.0,4.85,1.35,0.0,0.0,0.55,0.25,0.0,0.0,0.0,0.0,0.0,0.0,0.0,148377581.0
2016-03,North Salt Lake,28672986.0,4.85,1.35,0.0,0.0,0.55,0.25,0.0,0.0,0.0,0.0,0.0,0.0,0.0,-15168832.0
2016-03,Salt Lake City,588984077.0,4.7,1.35,0.0,0.0,0.55,0.25,0.0,-0.14999999999999947,0.0,0.0,0.0,0.0,0.0,572258025.0
2016-03,South Salt Lake,119933951.0,4.85,1.35,0.0,0.0,0.55,0.25,0.0,0.0,0.0,0.0,0.0,0.0,0.0,-26024977.0
2016-03,Taylorsville,44199937.0,4.85,1.35,0.0,0.0,0.55,0.25,0.0,0.0,0.0,0.0,0.0,0.0,0.0,17153909.0
2016-03,West Valley City,186885832.0,4.85,1.35,0.0,0.0,0.55,0.25,0.0,0.14999999999999947,0.0,0.0,0.0,0.0,0.0,-341694128.0
2016-03,Woods Cross,20279794.0,4.85,1.35,0.0,0.0,0.55,0.25,0.0,0.0,0.0,0.0,0.0,0.0,0.0,-96382006.0
2016-04,Bountiful,45726490.0,4.85,1.35,0.0,0.0,0.55,0.25,0.0,0.0,0.0,0.0,0.0,0.0,0.0,3147044.0
2016-04,Holladay,17535978.0,4.85,1.35,0.0,0.0,0.55,0.25,0.0,0.0,0.0,0.0,0.0,0.0,0.0,-157669971.0
2016-04,Murray,158113508.0,4.85,1.35,0.0,0.0,0.55,0.25,0.0,0.0,0.0,0.0,0.0,0.0,0.0,139307092.0
2016-04,North Salt Lake,27720842.0,4.85,1.35,0.0,0.0,0.55,0.25,0.0,0.0,0.0,0.0,0.0,0.0,0.0,-21230064.0
2016-04,Salt Lake City,544865949.0,4.7,1.35,0.0,0.0,0.55,0.25,0.0,-0.14999999999999947,0.0,0.0,0.0,0.0,0.0,526813023.0
2016-04,South Salt Lake,119992192.0,4.85,1.35,0.0,0.0,0.55,0.25,0.0,0.0,0.0,0.0,0.0,0.0,0.0,-45585694.0
2016-04,Taylorsville,43629976.0,4.85,1.35,0.0,0.0,0.55,0.25,0.0,0.0,0.0,0.0,0.0,0.0,0.0,14956990.0
2016-04,West Valley City,186019872.0,4.85,1.35,0.0,0.0,0.55,0.25,0.0,0.14999999999999947,0.0,0.0,0.0,0.0,0.0,-402964205.0
2016-04,Woods Cross,19441733.0,4.85,1.35,0.0,0.0,0.55,0.25,0.0,0.0,0.0,0.0,0.0,0.0,0.0,-100492218.0
2016-05,Bountiful,46091736.0,4.85,1.35,0.0,0.0,0.55,0.25,0.0,0.0,0.0,0.0,0.0,0.0,0.0,1891799.0
2016-05,Holladay,17815295.0,4.85,1.35,0.0,0.0,0.55,0.25,0.0,0.0,0.0,0.0,0.0,0.0,0.0,-169070537.0
2016-05,Murray,159289194.0,4.85,1.35,0.0,0.0,0.55,0.25,0.0,0.0,0.0,0.0,0.0,0.0,0.0,139009400.0
2016-05,North Salt Lake,27671430.0,4.85,1.35,0.0,0.0,0.55,0.25,0.0,0.0,0.0,0.0,0.0,0.0,0.0,-18055060.0
2016-05,Salt Lake City,574614200.0,4.7,1.35,0.0,0.0,0.55,0.25,0.0,-0.14999999999999947,0.0,0.0,0.0,0.0,0.0,557078222.0
2016-05,South Salt Lake,124881772.0,4.85,1.35,0.0,0.0,0.55,0.25,0.0,0.0,0.0,0.0,0.0,0.0,0.0,-33231736.0
2016-05,Taylorsville,43282807.0,4.85,1.35,0.0,0.0,0.55,0.25,0.0,0.0,0.0,0.0,0.0,0.0,0.0,15561965.0
2016-05,West Valley City,192106976.0,4.85,1.35,0.0,0.0,0.55,0.25,0.0,0.14999999999999947,0.0,0.0,0.0,0.0,0.0,-352758973.0
2016-05,Woods Cross,21725462.0,4.85,1.35,0.0,0.0,0.55,0.25,0.0,0.0,0.0,0.0,0.0,0.0,0.0,-98266730.0
2016-06,Bountiful,48708889.0,4.85,1.35,0.0,0.0,0.55,0.25,0.0,0.0,0.0,0.0,0.0,0.0,0.0,5078913.0
2016-06,Holladay,20622777.0,4.85,1.35,0.0,0.0,0.55,0.25,0.0,0.0,0.0,0.0,0.0,0.0,0.0,-165397095.0
2016-06,Murray,168904279.0,4.85,1.35,0.0,0.0,0.55,0.25,0.0,0.0,0.0,0.0,0.0,0.0,0.0,149462546.0
2016-06,North Salt Lake,12816683.0,4.85,1.35,0.0,0.0,0.55,0.25,0.0,0.0,0.0,0.0,0.0,0.0,0.0,-33275053.0
2016-06,Salt Lake City,610867007.0,4.7,1.35,0.0,0.0,0.55,0.25,0.0,-0.14999999999999947,0.0,0.0,0.0,0.0,0.0,593051712.0
2016-06,South Salt Lake,144453831.0,4.85,1.35,0.0,0.0,0.55,0.25,0.0,0.0,0.0,0.0,0.0,0.0,0.0,-14835363.0
2016-06,Taylorsville,44718764.0,4.85,1.35,0.0,0.0,0.55,0.25,0.0,0.0,0.0,0.0,0.0,0.0,0.0,17047334.0
2016-06,West Valley City,205235436.0,4.85,1.35,0.0,0.0,0.55,0.25,0.0,0.14999999999999947,0.0,0.0,0.0,0.0,0.0,-369378764.0
2016-06,Woods Cross,21840121.0,4.85,1.35,0.0,0.0,0.55,0.25,0.0,0.0,0.0,0.0,0.0,0.0,0.0,-103041651.0
2016-07,Bountiful,46293171.0,4.85,1.35,0.0,0.0,0.55,0.25,0.0,0.0,0.0,0.0,0.0,0.0,0.0,3010364.0
2016-07,Holladay,16033865.0,4.85,1.35,0.0,0.0,0.55,0.25,0.0,0.0,0.0,0.0,0.0,0.0,0.0,-176073111.0
2016-07,Murray,165500716.0,4.85,1.35,0.0,0.0,0.55,0.25,0.0,0.0,0.0,0.0,0.0,0.0,0.0,143775254.0
2016-07,North Salt Lake,28662644.0,4.85,1.35,0.0,0.0,0.55,0.25,0.0,0.0,0.0,0.0,0.0,0.0,0.0,-20046245.0
2016-07,Salt Lake City,584217186.0,4.7,1.35,0.0,0.0,0.55,0.25,0.0,-0.14999999999999947,0.0,0.0,0.0,0.0,0.0,563594409.0
2016-07,South Salt Lake,121854117.0,4.85,1.35,0.0,0.0,0.55,0.25,0.0,0.0,0.0,0.0,0.0,0.0,0.0,-47050162.0
2016-07,Taylorsville,43654876.0,4.85,1.35,0.0,0.0,0.55,0.25,0.0,0.0,0.0,0.0,0.0,0.0,0.0,30838193.0
2016-07,West Valley City,191620707.0,4.85,1.35,0.0,0.0,0.55,0.25,0.0,0.14999999999999947,0.0,0.0,0.0,0.0,0.0,-419246300.0
2016-07,Woods Cross,24023972.0,4.85,1.35,0.0,0.0,0.55,0.25,0.0,0.0,0.0,0.0,0.0,0.0,0.0,-120429859.0
2016-08,Bountiful,49371022.0,4.85,1.35,0.0,0.0,0.55,0.25,0.0,0.0,0.0,0.0,0.0,0.0,0.0,4652258.0
2016-08,Holladay,17668484.0,4.85,1.35,0.0,0.0,0.55,0.25,0.0,0.0,0.0,0.0,0.0,0.0,0.0,-187566952.0
2016-08,Murray,181821242.0,4.85,1.35,0.0,0.0,0.55,0.25,0.0,0.0,0.0,0.0,0.0,0.0,0.0,159981121.0
2016-08,North Salt Lake,29934102.0,4.85,1.35,0.0,0.0,0.55,0.25,0.0,0.0,0.0,0.0,0.0,0.0,0.0,-16359069.0
2016-08,Salt Lake City,631959071.0,4.7,1.35,0.0,0.0,0.55,0.25,0.0,-0.14999999999999947,0.0,0.0,0.0,0.0,0.0,615925206.0
2016-08,South Salt Lake,131366296.0,4.85,1.35,0.0,0.0,0.55,0.25,0.0,0.0,0.0,0.0,0.0,0.0,0.0,-34134420.0
2016-08,Taylorsville,43870594.0,4.85,1.35,0.0,0.0,0.55,0.25,0.0,0.0,0.0,0.0,0.0,0.0,0.0,15207950.0
2016-08,West Valley City,208497787.0,4.85,1.35,0.0,0.0,0.55,0.25,0.0,0.14999999999999947,0.0,0.0,0.0,0.0,0.0,-375719399.0
2016-08,Woods Cross,22850948.0,4.85,1.35,0.0,0.0,0.55,0.25,0.0,0.0,0.0,0.0,0.0,0.0,0.0,-99003169.0
2016-09,Bountiful,44679870.0,4.85,1.35,0.0,0.0,0.55,0.25,0.0,0.0,0.0,0.0,0.0,0.0,0.0,1024994.0
2016-09,Holladay,18845353.0,4.85,1.35,0.0,0.0,0.55,0.25,0.0,0.0,0.0,0.0,0.0,0.0,0.0,-172775354.0
2016-09,Murray,167517743.0,4.85,1.35,0.0,0.0,0.55,0.25,0.0,0.0,0.0,0.0,0.0,0.0,0.0,143493771.0
2016-09,North Salt Lake,30016427.0,4.85,1.35,0.0,0.0,0.55,0.25,0.0,0.0,0.0,0.0,0.0,0.0,0.0,-19354595.0
2016-09,Salt Lake City,611927996.0,4.7,1.35,0.0,0.0,0.55,0.25,0.0,-0.14999999999999947,0.0,0.0,0.0,0.0,0.0,594259512.0
2016-09,South Salt Lake,125489665.0,4.85,1.35,0.0,0.0,0.55,0.25,0.0,0.0,0.0,0.0,0.0,0.0,0.0,-56331577.0
2016-09,Taylorsville,42356753.0,4.85,1.35,0.0,0.0,0.55,0.25,0.0,0.0,0.0,0.0,0.0,0.0,0.0,12422651.0
2016-09,West Valley City,207016411.0,4.85,1.35,0.0,0.0,0.55,0.25,0.0,0.14999999999999947,0.0,0.0,0.0,0.0,0.0,-424942660.0
2016-09,Woods Cross,25598583.0,4.85,1.35,0.0,0.0,0.55,0.25,0.0,0.0,0.0,0.0,0.0,0.0,0.0,-105767713.0
2016-10,Bountiful,43572256.0,4.85,1.35,0.0,0.0,0.55,0.25,0.0,0.0,0.0,0.0,0.0,0.0,0.0,-298338.0
2016-10,Holladay,16081782.0,4.85,1.35,0.0,0.0,0.55,0.25,0.0,0.0,0.0,0.0,0.0,0.0,0.0,-192416005.0
2016-10,Murray,159333905.0,4.85,1.35,0.0,0.0,0.55,0.25,0.0,0.0,0.0,0.0,0.0,0.0,0.0,136482957.0
2016-10,North Salt Lake,30229460.0,4.85,1.35,0.0,0.0,0.55,0.25,0.0,0.0,0.0,0.0,0.0,0.0,0.0,-14450410.0
2016-10,Salt Lake City,587906952.0,4.7,1.35,0.0,0.0,0.55,0.25,0.0,-0.14999999999999947,0.0,0.0,0.0,0.0,0.0,569061599.0
2016-10,South Salt Lake,124708142.0,4.85,1.35,0.0,0.0,0.55,0.25,0.0,0.0,0.0,0.0,0.0,0.0,0.0,-42809601.0
2016-10,Taylorsville,41747442.0,4.85,1.35,0.0,0.0,0.55,0.25,0.0,0.0,0.0,0.0,0.0,0.0,0.0,11731015.0
2016-10,West Valley City,181994164.0,4.85,1.35,0.0,0.0,0.55,0.25,0.0,0.14999999999999947,0.0,0.0,0.0,0.0,0.0,-429933832.0
2016-10,Woods Cross,22568947.0,4.85,1.35,0.0,0.0,0.55,0.25,0.0,0.0,0.0,0.0,0.0,0.0,0.0,-102920718.0
2016-11,Bountiful,45305505.0,4.85,1.35,0.0,0.0,0.55,0.25,0.0,0.0,0.0,0.0,0.0,0.0,0.0,2948752.0
2016-11,Holladay,17673180.0,4.85,1.35,0.0,0.0,0.55,0.25,0.0,0.0,0.0,0.0,0.0,0.0,0.0,-189343231.0
2016-11,Murray,165088320.0,4.85,1.35,0.0,0.0,0.55,0.25,0.0,0.0,0.0,0.0,0.0,0.0,0.0,139489737.0
2016-11,North Salt Lake,25591670.0,4.85,1.35,0.0,0.0,0.55,0.25,0.0,0.0,0.0,0.0,0.0,0.0,0.0,-17980586.0
2016-11,Salt Lake City,569450578.0,4.7,1.35,0.0,0.0,0.55,0.25,0.0,-0.14999999999999947,0.0,0.0,0.0,0.0,0.0,553368796.0
2016-11,South Salt Lake,122335664.0,4.85,1.35,0.0,0.0,0.55,0.25,0.0,0.0,0.0,0.0,0.0,0.0,0.0,-36998241.0
2016-11,Taylorsville,42966063.0,4.85,1.35,0.0,0.0,0.55,0.25,0.0,0.0,0.0,0.0,0.0,0.0,0.0,12736603.0
2016-11,West Valley City,184288920.0,4.85,1.35,0.0,0.0,0.55,0.25,0.0,0.14999999999999947,0.0,0.0,0.0,0.0,0.0,-403618032.0
2016-11,Woods Cross,22859381.0,4.85,1.35,0.0,0.0,0.55,0.25,0.0,0.0,0.0,0.0,0.0,0.0,0.0,-101848761.0
2016-12,Bountiful,57580708.0,4.85,1.35,0.0,0.0,0.55,0.25,0.0,0.0,0.0,0.0,0.0,0.0,0.0,15833266.0
2016-12,Holladay,22973973.0,4.85,1.35,0.0,0.0,0.55,0.25,0.0,0.0,0.0,0.0,0.0,0.0,0.0,-159020191.0
2016-12,Murray,213619873.0,4.85,1.35,0.0,0.0,0.55,0.25,0.0,0.0,0.0,0.0,0.0,0.0,0.0,191050926.0
2016-12,North Salt Lake,30438031.0,4.85,1.35,0.0,0.0,0.55,0.25,0.0,0.0,0.0,0.0,0.0,0.0,0.0,-14867474.0
2016-12,Salt Lake City,704238851.0,4.7,1.35,0.0,0.0,0.55,0.25,0.0,-0.14999999999999947,0.0,0.0,0.0,0.0,0.0,686565671.0
2016-12,South Salt Lake,130391479.0,4.85,1.35,0.0,0.0,0.55,0.25,0.0,0.0,0.0,0.0,0.0,0.0,0.0,-34696841.0
2016-12,Taylorsville,53108665.0,4.85,1.35,0.0,0.0,0.55,0.25,0.0,0.0,0.0,0.0,0.0,0.0,0.0,27516995.0
2016-12,West Valley City,223273485.0,4.85,1.35,0.0,0.0,0.55,0.25,0.0,0.14999999999999947,0.0,0.0,0.0,0.0,0.0,-346177093.0
2016-12,Woods Cross,29476547.0,4.85,1.35,0.0,0.0,0.55,0.25,0.0,0.0,0.0,0.0,0.0,0.0,0.0,-92859117.0
2017-01,Bountiful,42961792.0,4.85,1.35,0.0,0.0,0.55,0.25,0.0,0.0,0.0,0.0,0.0,0.0,0.0,-4271.0
2017-01,Holladay,19320526.0,4.85,1.35,0.0,0.0,0.55,0.25,0.0,0.0,0.0,0.0,0.0,0.0,0.0,-164968394.0
2017-01,Murray,148986289.0,4.85,1.35,0.0,0.0,0.55,0.25,0.0,0.0,0.0,0.0,0.0,0.0,0.0,126126908.0
2017-01,North Salt Lake,26391511.0,4.85,1.35,0.0,0.0,0.55,0.25,0.0,0.0,0.0,0.0,0.0,0.0,0.0,-31189197.0
2017-01,Salt Lake City,572615423.0,4.7,1.35,0.0,0.0,0.55,0.25,0.0,-0.14999999999999947,0.0,0.0,0.0,0.0,0.0,549641450.0
2017-01,South Salt Lake,109323751.0,4.85,1.35,0.0,0.0,0.55,0.25,0.0,0.0,0.0,0.0,0.0,0.0,0.0,-104296122.0
2017-01,Taylorsville,39244313.0,4.85,1.35,0.0,0.0,0.55,0.25,0.0,0.0,0.0,0.0,0.0,0.0,0.0,8806282.0
2017-01,West Valley City,174252331.0,4.85,1.35,0.0,0.0,0.55,0.25,0.0,0.14999999999999947,0.0,0.0,0.0,0.0,0.0,-529986520.0
2017-01,Woods Cross,22089006.0,4.85,1.35,0.0,0.0,0.55,0.25,0.0,0.0,0.0,0.0,0.0,0.0,0.0,-108302473.0
2017-02,Bountiful,43475204.0,4.85,1.35,0.0,0.0,0.55,0.25,0.0,0.0,0.0,0.0,0.0,0.0,0.0,-9633461.0
2017-02,Holladay,19222605.0,4.85,1.35,0.0,0.0,0.55,0.25,0.0,0.0,0.0,0.0,0.0,0.0,0.0,-204050880.0
2017-02,Murray,149091568.0,4.85,1.35,0.0,0.0,0.55,0.25,0.0,0.0,0.0,0.0,0.0,0.0,0.0,119615021.0
2017-02,North Salt Lake,31072552.0,4.85,1.35,0.0,0.0,0.55,0.25,0.0,0.0,0.0,0.0,0.0,0.0,0.0,-11889240.0
2017-02,Salt Lake City,556455787.0,4.7,1.35,0.0,0.0,0.55,0.25,0.0,-0.14999999999999947,0.0,0.0,0.0,0.0,0.0,537135261.0
2017-02,South Salt Lake,109214108.0,4.85,1.35,0.0,0.0,0.55,0.25,0.0,0.0,0.0,0.0,0.0,0.0,0.0,-39772181.0
2017-02,Taylorsville,39093197.0,4.85,1.35,0.0,0.0,0.55,0.25,0.0,0.0,0.0,0.0,0.0,0.0,0.0,12701686.0
2017-02,West Valley City,169769650.0,4.85,1.35,0.0,0.0,0.55,0.25,0.0,0.14999999999999947,0.0,0.0,0.0,0.0,0.0,-402845773.0
2017-02,Woods Cross,21579534.0,4.85,1.35,0.0,0.0,0.55,0.25,0.0,0.0,0.0,0.0,0.0,0.0,0.0,-87744217.0
2017-03,Bountiful,47334326.0,4.85,1.35,0.0,0.0,0.55,0.25,0.0,0.0,0.0,0.0,0.0,0.0,0.0,8090013.0
2017-03,Holladay,18817919.0,4.85,1.35,0.0,0.0,0.55,0.25,0.0,0.0,0.0,0.0,0.0,0.0,0.0,-155434412.0
2017-03,Murray,175543995.0,4.85,1.35,0.0,0.0,0.55,0.25,0.0,0.0,0.0,0.0,0.0,0.0,0.0,153454989.0
2017-03,North Salt Lake,32354687.0,4.85,1.35,0.0,0.0,0.55,0.25,0.0,0.0,0.0,0.0,0.0,0.0,0.0,-11120517.0
2017-03,Salt Lake City,635965879.0,4.7,1.35,0.0,0.0,0.55,0.25,0.0,-0.14999999999999947,0.0,0.0,0.0,0.0,0.0,616743274.0
2017-03,South Salt Lake,129893137.0,4.85,1.35,0.0,0.0,0.55,0.25,0.0,0.0,0.0,0.0,0.0,0.0,0.0,-19198431.0
2017-03,Taylorsville,44449477.0,4.85,1.35,0.0,0.0,0.55,0.25,0.0,0.0,0.0,0.0,0.0,0.0,0.0,13376925.0
2017-03,West Valley City,201806580.0,4.85,1.35,0.0,0.0,0.55,0.25,0.0,0.14999999999999947,0.0,0.0,0.0,0.0,0.0,-354649207.0
2017-03,Woods Cross,23373604.0,4.85,1.35,0.0,0.0,0.55,0.25,0.0,0.0,0.0,0.0,0.0,0.0,0.0,-85840504.0
2017-04,Bountiful,42931958.0,4.85,1.35,0.0,0.0,0.55,0.25,0.0,0.0,0.0,0.0,0.0,0.0,0.0,3838761.0
2017-04,Holladay,16671475.0,4.85,1.35,0.0,0.0,0.55,0.25,0.0,0.0,0.0,0.0,0.0,0.0,0.0,-153098175.0
2017-04,Murray,157851021.0,4.85,1.35,0.0,0.0,0.55,0.25,0.0,0.0,0.0,0.0,0.0,0.0,0.0,136271487.0
2017-04,North Salt Lake,30822542.0,4.85,1.35,0.0,0.0,0.55,0.25,0.0,0.0,0.0,0.0,0.0,0.0,0.0,-16511784.0
2017-04,Salt Lake City,575494626.0,4.7,1.35,0.0,0.0,0.55,0.25,0.0,-0.14999999999999947,0.0,0.0,0.0,0.0,0.0,556676707.0
2017-04,South Salt Lake,124286774.0,4.85,1.35,0.0,0.0,0.55,0.25,0.0,0.0,0.0,0.0,0.0,0.0,0.0,-51257221.0
2017-04,Taylorsville,41691142.0,4.85,1.35,0.0,0.0,0.55,0.25,0.0,0.0,0.0,0.0,0.0,0.0,0.0,9336455.0
2017-04,West Valley City,186763556.0,4.85,1.35,0.0,0.0,0.55,0.25,0.0,0.14999999999999947,0.0,0.0,0.0,0.0,0.0,-449202323.0
2017-04,Woods Cross,21413597.0,4.85,1.35,0.0,0.0,0.55,0.25,0.0,0.0,0.0,0.0,0.0,0.0,0.0,-108479540.0
2017-05,Bountiful,46282100.0,4.85,1.35,0.0,0.0,0.55,0.25,0.0,0.0,0.0,0.0,0.0,0.0,0.0,1832623.0
2017-05,Holladay,17305429.0,4.85,1.35,0.0,0.0,0.55,0.25,0.0,0.0,0.0,0.0,0.0,0.0,0.0,-184501151.0
2017-05,Murray,170973744.0,4.85,1.35,0.0,0.0,0.55,0.25,0.0,0.0,0.0,0.0,0.0,0.0,0.0,147600140.0
2017-05,North Salt Lake,33064169.0,4.85,1.35,0.0,0.0,0.55,0.25,0.0,0.0,0.0,0.0,0.0,0.0,0.0,-9867789.0
2017-05,Salt Lake City,605990717.0,4.7,1.35,0.0,0.0,0.55,0.25,0.0,-0.14999999999999947,0.0,0.0,0.0,0.0,0.0,589319242.0
2017-05,South Salt Lake,136954334.0,4.85,1.35,0.0,0.0,0.55,0.25,0.0,0.0,0.0,0.0,0.0,0.0,0.0,-20896687.0
2017-05,Taylorsville,40506879.0,4.85,1.35,0.0,0.0,0.55,0.25,0.0,0.0,0.0,0.0,0.0,0.0,0.0,9684337.0
2017-05,West Valley City,198684698.0,4.85,1.35,0.0,0.0,0.55,0.25,0.0,0.14999999999999947,0.0,0.0,0.0,0.0,0.0,-376809928.0
2017-05,Woods Cross,25238059.0,4.85,1.35,0.0,0.0,0.55,0.25,0.0,0.0,0.0,0.0,0.0,0.0,0.0,-99048715.0
2017-06,Bountiful,47301582.0,4.85,1.35,0.0,0.0,0.55,0.25,0.0,0.0,0.0,0.0,0.0,0.0,0.0,5610440.0
2017-06,Holladay,20284922.0,4.85,1.35,0.0,0.0,0.55,0.25,0.0,0.0,0.0,0.0,0.0,0.0,0.0,-166478634.0
2017-06,Murray,177038419.0,4.85,1.35,0.0,0.0,0.55,0.25,0.0,0.0,0.0,0.0,0.0,0.0,0.0,155624822.0
2017-06,North Salt Lake,32977334.0,4.85,1.35,0.0,0.0,0.55,0.25,0.0,0.0,0.0,0.0,0.0,0.0,0.0,-13304766.0
2017-06,Salt Lake City,685490054.0,4.7,1.35,0.0,0.0,0.55,0.25,0.0,-0.14999999999999947,0.0,0.0,0.0,0.0,0.0,668184625.0
2017-06,South Salt Lake,142023871.0,4.85,1.35,0.0,0.0,0.55,0.25,0.0,0.0,0.0,0.0,0.0,0.0,0.0,-28949873.0
2017-06,Taylorsville,43320508.0,4.85,1.35,0.0,0.0,0.55,0.25,0.0,0.0,0.0,0.0,0.0,0.0,0.0,10256339.0
2017-06,West Valley City,207722954.0,4.85,1.35,0.0,0.0,0.55,0.25,0.0,0.14999999999999947,0.0,0.0,0.0,0.0,0.0,-398267763.0
2017-06,Woods Cross,25558707.0,4.85,1.35,0.0,0.0,0.55,0.25,0.0,0.0,0.0,0.0,0.0,0.0,0.0,-111395627.0
2017-07,Bountiful,44814218.0,4.85,1.35,0.0,0.0,0.55,0.25,0.0,0.0,0.0,0.0,0.0,0.0,0.0,4307339.0
2017-07,Holladay,19756536.0,4.85,1.35,0.0,0.0,0.55,0.25,0.0,0.0,0.0,0.0,0.0,0.0,0.0,-178928162.0
2017-07,Murray,175851678.0,4.85,1.35,0.0,0.0,0.55,0.25,0.0,0.0,0.0,0.0,0.0,0.0,0.0,150613619.0
2017-07,North Salt Lake,32651033.0,4.85,1.35,0.0,0.0,0.55,0.25,0.0,0.0,0.0,0.0,0.0,0.0,0.0,-14650549.0
2017-07,Salt Lake City,631663023.0,4.7,1.35,0.0,0.0,0.55,0.25,0.0,-0.14999999999999947,0.0,0.0,0.0,0.0,0.0,611378101.0
2017-07,South Salt Lake,130642041.0,4.85,1.35,0.0,0.0,0.55,0.25,0.0,0.0,0.0,0.0,0.0,0.0,0.0,-46396378.0
2017-07,Taylorsville,43753450.0,4.85,1.35,0.0,0.0,0.55,0.25,0.0,0.0,0.0,0.0,0.0,0.0,0.0,10776116.0
2017-07,West Valley City,200716349.0,4.85,1.35,0.0,0.0,0.55,0.25,0.0,0.14999999999999947,0.0,0.0,0.0,0.0,0.0,-484773705.0
2017-07,Woods Cross,26696332.0,4.85,1.35,0.0,0.0,0.55,0.25,0.0,0.0,0.0,0.0,0.0,0.0,0.0,-115327539.0
2017-08,Bountiful,48073769.0,4.85,1.35,0.0,0.0,0.55,0.25,0.0,0.0,0.0,0.0,0.0,0.0,0.0,4753261.0
2017-08,Holladay,17616515.0,4.85,1.35,0.0,0.0,0.55,0.25,0.0,0.0,0.0,0.0,0.0,0.0,0.0,-190106439.0
2017-08,Murray,191086103.0,4.85,1.35,0.0,0.0,0.55,0.25,0.0,0.0,0.0,0.0,0.0,0.0,0.0,165527396.0
2017-08,North Salt Lake,34844097.0,4.85,1.35,0.0,0.0,0.55,0.25,0.0,0.0,0.0,0.0,0.0,0.0,0.0,-9970121.0
2017-08,Salt Lake City,708795018.0,4.7,1.35,0.0,0.0,0.55,0.25,0.0,-0.14999999999999947,0.0,0.0,0.0,0.0,0.0,689038482.0
2017-08,South Salt Lake,143485332.0,4.85,1.35,0.0,0.0,0.55,0.25,0.0,0.0,0.0,0.0,0.0,0.0,0.0,-32366346.0
2017-08,Taylorsville,43113700.0,4.85,1.35,0.0,0.0,0.55,0.25,0.0,0.0,0.0,0.0,0.0,0.0,0.0,10462667.0
2017-08,West Valley City,218628272.0,4.85,1.35,0.0,0.0,0.55,0.25,0.0,0.14999999999999947,0.0,0.0,0.0,0.0,0.0,-413034751.0
2017-08,Woods Cross,26330198.0,4.85,1.35,0.0,0.0,0.55,0.25,0.0,0.0,0.0,0.0,0.0,0.0,0.0,-104311843.0
2017-09,Bountiful,43850380.0,4.85,1.35,0.0,0.0,0.55,0.25,0.0,0.0,0.0,0.0,0.0,0.0,0.0,96930.0
2017-09,Holladay,18399397.0,4.85,1.35,0.0,0.0,0.55,0.25,0.0,0.0,0.0,0.0,0.0,0.0,0.0,-182316952.0
2017-09,Murray,175674626.0,4.85,1.35,0.0,0.0,0.55,0.25,0.0,0.0,0.0,0.0,0.0,0.0,0.0,148978294.0
2017-09,North Salt Lake,34834275.0,4.85,1.35,0.0,0.0,0.55,0.25,0.0,0.0,0.0,0.0,0.0,0.0,0.0,-13239494.0
2017-09,Salt Lake City,660626922.0,4.7,1.35,0.0,0.0,0.55,0.25,0.0,-0.14999999999999947,0.0,0.0,0.0,0.0,0.0,643010407.0
2017-09,South Salt Lake,131364246.0,4.85,1.35,0.0,0.0,0.55,0.25,0.0,0.0,0.0,0.0,0.0,0.0,0.0,-59721857.0
2017-09,Taylorsville,42720502.0,4.85,1.35,0.0,0.0,0.55,0.25,0.0,0.0,0.0,0.0,0.0,0.0,0.0,7876405.0
2017-09,West Valley City,206996680.0,4.85,1.35,0.0,0.0,0.55,0.25,0.0,0.14999999999999947,0.0,0.0,0.0,0.0,0.0,-501798338.0
2017-09,Woods Cross,25552275.0,4.85,1.35,0.0,0.0,0.55,0.25,0.0,0.0,0.0,0.0,0.0,0.0,0.0,-117933057.0
2017-10,Bountiful,43999745.0,4.85,1.35,0.0,0.0,0.55,0.25,0.0,0.0,0.0,0.0,0.0,0.0,0.0,886045.0
2017-10,Holladay,17218981.0,4.85,1.35,0.0,0.0,0.55,0.25,0.0,0.0,0.0,0.0,0.0,0.0,0.0,-201409291.0
2017-10,Murray,167938151.0,4.85,1.35,0.0,0.0,0.55,0.25,0.0,0.0,0.0,0.0,0.0,0.0,0.0,141607953.0
2017-10,North Salt Lake,36418224.0,4.85,1.35,0.0,0.0,0.55,0.25,0.0,0.0,0.0,0.0,0.0,0.0,0.0,-7432156.0
2017-10,Salt Lake City,647044638.0,4.7,1.35,0.0,0.0,0.55,0.25,0.0,-0.14999999999999947,0.0,0.0,0.0,0.0,0.0,628645241.0
2017-10,South Salt Lake,136026863.0,4.85,1.35,0.0,0.0,0.55,0.25,0.0,0.0,0.0,0.0,0.0,0.0,0.0,-39647763.0
2017-10,Taylorsville,42487543.0,4.85,1.35,0.0,0.0,0.55,0.25,0.0,0.0,0.0,0.0,0.0,0.0,0.0,7653268.0
2017-10,West Valley City,201978709.0,4.85,1.35,0.0,0.0,0.55,0.25,0.0,0.14999999999999947,0.0,0.0,0.0,0.0,0.0,-458648213.0
2017-10,Woods Cross,28592645.0,4.85,1.35,0.0,0.0,0.55,0.25,0.0,0.0,0.0,0.0,0.0,0.0,0.0,-102771601.0
2017-11,Bountiful,43238089.0,4.85,1.35,0.0,0.0,0.55,0.25,0.0,0.0,0.0,0.0,0.0,0.0,0.0,517587.0
2017-11,Holladay,20606047.0,4.85,1.35,0.0,0.0,0.55,0.25,0.0,0.0,0.0,0.0,0.0,0.0,0.0,-186390633.0
2017-11,Murray,174371551.0,4.85,1.35,0.0,0.0,0.55,0.25,0.0,0.0,0.0,0.0,0.0,0.0,0.0,148819276.0
2017-11,North Salt Lake,35413206.0,4.85,1.35,0.0,0.0,0.55,0.25,0.0,0.0,0.0,0.0,0.0,0.0,0.0,-8586539.0
2017-11,Salt Lake City,648305285.0,4.7,1.35,0.0,0.0,0.55,0.25,0.0,-0.14999999999999947,0.0,0.0,0.0,0.0,0.0,631086304.0
2017-11,South Salt Lake,133928145.0,4.85,1.35,0.0,0.0,0.55,0.25,0.0,0.0,0.0,0.0,0.0,0.0,0.0,-34010006.0
2017-11,Taylorsville,45988326.0,4.85,1.35,0.0,0.0,0.55,0.25,0.0,0.0,0.0,0.0,0.0,0.0,0.0,9570102.0
2017-11,West Valley City,206830815.0,4.85,1.35,0.0,0.0,0.55,0.25,0.0,0.14999999999999947,0.0,0.0,0.0,0.0,0.0,-440213823.0
2017-11,Woods Cross,24870016.0,4.85,1.35,0.0,0.0,0.55,0.25,0.0,0.0,0.0,0.0,0.0,0.0,0.0,-111156847.0
2017-12,Bountiful,56402638.0,4.85,1.35,0.0,0.0,0.55,0.25,0.0,0.0,0.0,0.0,0.0,0.0,0.0,13915095.0
2017-12,Holladay,21774520.0,4.85,1.35,0.0,0.0,0.55,0.25,0.0,0.0,0.0,0.0,0.0,0.0,0.0,-180204189.0
2017-12,Murray,216141091.0,4.85,1.35,0.0,0.0,0.55,0.25,0.0,0.0,0.0,0.0,0.0,0.0,0.0,187548446.0
2017-12,North Salt Lake,38936975.0,4.85,1.35,0.0,0.0,0.55,0.25,0.0,0.0,0.0,0.0,0.0,0.0,0.0,-4301114.0
2017-12,Salt Lake City,737926197.0,4.7,1.35,0.0,0.0,0.55,0.25,0.0,-0.14999999999999947,0.0,0.0,0.0,0.0,0.0,717320150.0
2017-12,South Salt Lake,141220174.0,4.85,1.35,0.0,0.0,0.55,0.25,0.0,0.0,0.0,0.0,0.0,0.0,0.0,-33151377.0
2017-12,Taylorsville,57171429.0,4.85,1.35,0.0,0.0,0.55,0.25,0.0,0.0,0.0,0.0,0.0,0.0,0.0,21758223.0
2017-12,West Valley City,230027076.0,4.85,1.35,0.0,0.0,0.55,0.25,0.0,0.14999999999999947,0.0,0.0,0.0,0.0,0.0,-418278209.0
2017-12,Woods Cross,30557018.0,4.85,1.35,0.0,0.0,0.55,0.25,0.0,0.0,0.0,0.0,0.0,0.0,0.0,-103371127.0
2018-01,Bountiful,45113722.0,4.85,1.35,0.0,0.0,0.55,0.25,0.0,0.0,0.0,0.0,0.0,0.0,0.0,-874604.0
2018-01,Holladay,19785259.0,4.85,1.35,0.0,0.0,0.55,0.25,0.0,0.0,0.0,0.0,0.0,0.0,0.0,-187045556.0
2018-01,Murray,156424789.0,4.85,1.35,0.0,0.0,0.55,0.25,0.0,0.0,0.0,0.0,0.0,0.0,0.0,131554773.0
2018-01,North Salt Lake,30768252.0,4.85,1.35,0.0,0.0,0.55,0.25,0.0,0.0,0.0,0.0,0.0,0.0,0.0,-25634386.0
2018-01,Salt Lake City,624625133.0,4.7,1.35,0.0,0.0,0.55,0.25,0.0,-0.14999999999999947,0.0,0.0,0.0,0.0,0.0,602850613.0
2018-01,South Salt Lake,126376460.0,4.85,1.35,0.0,0.0,0.55,0.25,0.0,0.0,0.0,0.0,0.0,0.0,0.0,-89764631.0
2018-01,Taylorsville,42493426.0,4.85,1.35,0.0,0.0,0.55,0.25,0.0,0.0,0.0,0.0,0.0,0.0,0.0,3556451.0
2018-01,West Valley City,187375889.0,4.85,1.35,0.0,0.0,0.55,0.25,0.0,0.14999999999999947,0.0,0.0,0.0,0.0,0.0,-550550308.0
2018-01,Woods Cross,24672674.0,4.85,1.35,0.0,0.0,0.55,0.25,0.0,0.0,0.0,0.0,0.0,0.0,0.0,-116547500.0
2018-02,Bountiful,44732310.0,4.85,1.35,0.0,0.0,0.55,0.25,0.0,0.0,0.0,0.0,0.0,0.0,0.0,-12439119.0
2018-02,Holladay,18170524.0,4.85,1.35,0.0,0.0,0.55,0.25,0.0,0.0,0.0,0.0,0.0,0.0,0.0,-211856552.0
2018-02,Murray,150987149.0,4.85,1.35,0.0,0.0,0.55,0.25,0.0,0.0,0.0,0.0,0.0,0.0,0.0,120430131.0
2018-02,North Salt Lake,29817504.0,4.85,1.35,0.0,0.0,0.55,0.25,0.0,0.0,0.0,0.0,0.0,0.0,0.0,-15296218.0
2018-02,Salt Lake City,597865735.0,4.7,1.35,0.0,0.0,0.55,0.25,0.0,-0.14999999999999947,0.0,0.0,0.0,0.0,0.0,578080476.0
2018-02,South Salt Lake,117286548.0,4.85,1.35,0.0,0.0,0.55,0.25,0.0,0.0,0.0,0.0,0.0,0.0,0.0,-39138241.0
2018-02,Taylorsville,40870847.0,4.85,1.35,0.0,0.0,0.55,0.25,0.0,0.0,0.0,0.0,0.0,0.0,0.0,10102595.0
2018-02,West Valley City,175472205.0,4.85,1.35,0.0,0.0,0.55,0.25,0.0,0.14999999999999947,0.0,0.0,0.0,0.0,0.0,-449152928.0
2018-02,Woods Cross,21912035.0,4.85,1.35,0.0,0.0,0.55,0.25,0.0,0.0,0.0,0.0,0.0,0.0,0.0,-104464425.0
2018-03,Bountiful,48515684.0,4.85,1.35,0.0,0.0,0.55,0.25,0.0,0.0,0.0,0.0,0.0,0.0,0.0,6022258.0
2018-03,Holladay,22357907.0,4.85,1.35,0.0,0.0,0.55,0.25,0.0,0.0,0.0,0.0,0.0,0.0,0.0,-165017982.0
2018-03,Murray,184013199.0,4.85,1.35,0.0,0.0,0.55,0.25,0.0,0.0,0.0,0.0,0.0,0.0,0.0,159340525.0
2018-03,North Salt Lake,34570224.0,4.85,1.35,0.0,0.0,0.55,0.25,0.0,0.0,0.0,0.0,0.0,0.0,0.0,-10162086.0
2018-03,Salt Lake City,765981540.0,4.7,1.35,0.0,0.0,0.55,0.25,0.0,-0.14999999999999947,0.0,0.0,0.0,0.0,0.0,747811016.0
2018-03,South Salt Lake,138494218.0,4.85,1.35,0.0,0.0,0.55,0.25,0.0,0.0,0.0,0.0,0.0,0.0,0.0,-12492931.0
2018-03,Taylorsville,51106776.0,4.85,1.35,0.0,0.0,0.55,0.25,0.0,0.0,0.0,0.0,0.0,0.0,0.0,21289272.0
2018-03,West Valley City,198251613.0,4.85,1.35,0.0,0.0,0.55,0.25,0.0,0.14999999999999947,0.0,0.0,0.0,0.0,0.0,-399614122.0
2018-03,Woods Cross,27202786.0,4.85,1.35,0.0,0.0,0.55,0.25,0.0,0.0,0.0,0.0,0.0,0.0,0.0,-90083762.0
2018-04,Bountiful,45813695.0,4.85,1.35,0.0,0.0,0.55,0.25,0.0,0.0,0.0,0.0,0.0,0.0,0.0,4942848.0
2018-04,Holladay,18334005.0,4.85,1.35,0.0,0.0,0.55,0.25,0.0,0.0,0.0,0.0,0.0,0.0,0.0,-157138200.0
2018-04,Murray,167457721.0,4.85,1.35,0.0,0.0,0.55,0.25,0.0,0.0,0.0,0.0,0.0,0.0,0.0,145545686.0
2018-04,North Salt Lake,35512527.0,4.85,1.35,0.0,0.0,0.55,0.25,0.0,0.0,0.0,0.0,0.0,0.0,0.0,-13003157.0
2018-04,Salt Lake City,636438244.0,4.7,1.35,0.0,0.0,0.55,0.25,0.0,-0.14999999999999947,0.0,0.0,0.0,0.0,0.0,614080337.0
2018-04,South Salt Lake,130094434.0,4.85,1.35,0.0,0.0,0.55,0.25,0.0,0.0,0.0,0.0,0.0,0.0,0.0,-53918765.0
2018-04,Taylorsville,42543514.0,4.85,1.35,0.0,0.0,0.55,0.25,0.0,0.0,0.0,0.0,0.0,0.0,0.0,7973290.0
2018-04,West Valley City,200834365.0,4.85,1.35,0.0,0.0,0.55,0.25,0.0,0.14999999999999947,0.0,0.0,0.0,0.0,0.0,-565147175.0
2018-04,Woods Cross,23398046.0,4.85,1.35,0.0,0.0,0.55,0.25,0.0,0.0,0.0,0.0,0.0,0.0,0.0,-115096172.0
2018-05,Bountiful,48851113.0,4.85,1.35,0.0,0.0,0.55,0.25,0.0,0.0,0.0,0.0,0.0,0.0,0.0,-2255663.0
2018-05,Holladay,20960406.0,4.85,1.35,0.0,0.0,0.55,0.25,0.0,0.0,0.0,0.0,0.0,0.0,0.0,-177291207.0
2018-05,Murray,183374139.0,4.85,1.35,0.0,0.0,0.55,0.25,0.0,0.0,0.0,0.0,0.0,0.0,0.0,156171353.0
2018-05,North Salt Lake,34132042.0,4.85,1.35,0.0,0.0,0.55,0.25,0.0,0.0,0.0,0.0,0.0,0.0,0.0,-11681653.0
2018-05,Salt Lake City,680542557.0,4.7,1.35,0.0,0.0,0.55,0.25,0.0,-0.14999999999999947,0.0,0.0,0.0,0.0,0.0,662208552.0
2018-05,South Salt Lake,149696636.0,4.85,1.35,0.0,0.0,0.55,0.25,0.0,0.0,0.0,0.0,0.0,0.0,0.0,-17761085.0
2018-05,Taylorsville,44547950.0,4.85,1.35,0.0,0.0,0.55,0.25,0.0,0.0,0.0,0.0,0.0,0.0,0.0,9035423.0
2018-05,West Valley City,217944862.0,4.85,1.35,0.0,0.0,0.55,0.25,0.0,0.14999999999999947,0.0,0.0,0.0,0.0,0.0,-418493382.0
2018-05,Woods Cross,28254738.0,4.85,1.35,0.0,0.0,0.55,0.25,0.0,0.0,0.0,0.0,0.0,0.0,0.0,-101839696.0
2018-06,Bountiful,47463873.0,4.85,1.35,0.0,0.0,0.55,0.25,0.0,0.0,0.0,0.0,0.0,0.0,0.0,4920359.0
2018-06,Holladay,20719155.0,4.85,1.35,0.0,0.0,0.55,0.25,0.0,0.0,0.0,0.0,0.0,0.0,0.0,-180115210.0
2018-06,Murray,182454722.0,4.85,1.35,0.0,0.0,0.55,0.25,0.0,0.0,0.0,0.0,0.0,0.0,0.0,159056676.0
2018-06,North Salt Lake,36199707.0,4.85,1.35,0.0,0.0,0.55,0.25,0.0,0.0,0.0,0.0,0.0,0.0,0.0,-12651406.0
2018-06,Salt Lake City,699938813.0,4.7,1.35,0.0,0.0,0.55,0.25,0.0,-0.14999999999999947,0.0,0.0,0.0,0.0,0.0,678978407.0
2018-06,South Salt Lake,156318120.0,4.85,1.35,0.0,0.0,0.55,0.25,0.0,0.0,0.0,0.0,0.0,0.0,0.0,-27056019.0
2018-06,Taylorsville,48823318.0,4.85,1.35,0.0,0.0,0.55,0.25,0.0,0.0,0.0,0.0,0.0,0.0,0.0,14691276.0
2018-06,West Valley City,229705887.0,4.85,1.35,0.0,0.0,0.55,0.25,0.0,0.14999999999999947,0.0,0.0,0.0,0.0,0.0,-450836670.0
2018-06,Woods Cross,30791686.0,4.85,1.35,0.0,0.0,0.55,0.25,0.0,0.0,0.0,0.0,0.0,0.0,0.0,-118904950.0
2018-07,Bountiful,50031137.0,4.85,1.35,0.0,0.0,0.55,0.25,0.0,0.0,0.0,0.0,0.0,0.0,0.0,5483187.0
2018-07,Holladay,20013592.0,4.85,1.35,0.0,0.0,0.55,0.25,0.0,0.0,0.0,0.0,0.0,0.0,0.0,-197931270.0
2018-07,Murray,179366450.0,4.85,1.35,0.0,0.0,0.55,0.25,0.0,0.0,0.0,0.0,0.0,0.0,0.0,151111712.0
2018-07,North Salt Lake,36558263.0,4.85,1.35,0.0,0.0,0.55,0.25,0.0,0.0,0.0,0.0,0.0,0.0,0.0,-10905610.0
2018-07,Salt Lake City,668823956.0,4.7,1.35,0.0,0.0,0.55,0.25,0.0,-0.14999999999999947,0.0,0.0,0.0,0.0,0.0,648104801.0
2018-07,South Salt Lake,144591603.0,4.85,1.35,0.0,0.0,0.55,0.25,0.0,0.0,0.0,0.0,0.0,0.0,0.0,-37863119.0
2018-07,Taylorsville,46017313.0,4.85,1.35,0.0,0.0,0.55,0.25,0.0,0.0,0.0,0.0,0.0,0.0,0.0,9817606.0
2018-07,West Valley City,223873324.0,4.85,1.35,0.0,0.0,0.55,0.25,0.0,0.14999999999999947,0.0,0.0,0.0,0.0,0.0,-476065489.0
2018-07,Woods Cross,30075856.0,4.85,1.35,0.0,0.0,0.55,0.25,0.0,0.0,0.0,0.0,0.0,0.0,0.0,-126242264.0
2018-08,Bountiful,47503423.0,4.85,1.35,0.0,0.0,0.55,0.25,0.0,0.0,0.0,0.0,0.0,0.0,0.0,-1319895.0
2018-08,Holladay,22192210.0,4.85,1.35,0.0,0.0,0.55,0.25,0.0,0.0,0.0,0.0,0.0,0.0,0.0,-207513677.0
2018-08,Murray,195039338.0,4.85,1.35,0.0,0.0,0.55,0.25,0.0,0.0,0.0,0.0,0.0,0.0,0.0,164247652.0
2018-08,North Salt Lake,35041409.0,4.85,1.35,0.0,0.0,0.55,0.25,0.0,0.0,0.0,0.0,0.0,0.0,0.0,-14989728.0
2018-08,Salt Lake City,727201199.0,4.7,1.35,0.0,0.0,0.55,0.25,0.0,-0.14999999999999947,0.0,0.0,0.0,0.0,0.0,707187607.0
2018-08,South Salt Lake,157459821.0,4.85,1.35,0.0,0.0,0.55,0.25,0.0,0.0,0.0,0.0,0.0,0.0,0.0,-21906629.0
2018-08,Taylorsville,47585895.0,4.85,1.35,0.0,0.0,0.55,0.25,0.0,0.0,0.0,0.0,0.0,0.0,0.0,11027632.0
2018-08,West Valley City,233582292.0,4.85,1.35,0.0,0.0,0.55,0.25,0.0,0.14999999999999947,0.0,0.0,0.0,0.0,0.0,-435241664.0
2018-08,Woods Cross,30062080.0,4.85,1.35,0.0,0.0,0.55,0.25,0.0,0.0,0.0,0.0,0.0,0.0,0.0,-114529523.0
2018-09,Bountiful,46449271.0,4.85,1.35,0.0,0.0,0.55,0.25,0.0,0.0,0.0,0.0,0.0,0.0,0.0,431958.0
2018-09,Holladay,21145366.0,4.85,1.35,0.0,0.0,0.55,0.25,0.0,0.0,0.0,0.0,0.0,0.0,0.0,-202727958.0
2018-09,Murray,172719587.0,4.85,1.35,0.0,0.0,0.55,0.25,0.0,0.0,0.0,0.0,0.0,0.0,0.0,142643731.0
2018-09,North Salt Lake,34482688.0,4.85,1.35,0.0,0.0,0.55,0.25,0.0,0.0,0.0,0.0,0.0,0.0,0.0,-13020735.0
2018-09,Salt Lake City,757874245.0,4.7,1.35,0.0,0.0,0.55,0.25,0.0,-0.14999999999999947,0.0,0.0,0.0,0.0,0.0,735682035.0
2018-09,South Salt Lake,146521015.0,4.85,1.35,0.0,0.0,0.55,0.25,0.0,0.0,0.0,0.0,0.0,0.0,0.0,-48518323.0
2018-09,Taylorsville,45350665.0,4.85,1.35,0.0,0.0,0.55,0.25,0.0,0.0,0.0,0.0,0.0,0.0,0.0,10309256.0
2018-09,West Valley City,210705132.0,4.85,1.35,0.0,0.0,0.55,0.25,0.0,0.14999999999999947,0.0,0.0,0.0,0.0,0.0,-516496067.0
2018-09,Woods Cross,27738789.0,4.85,1.35,0.0,0.0,0.55,0.25,0.0,0.0,0.0,0.0,0.0,0.0,0.0,-129721032.0
2018-10,Bountiful,45750063.0,4.85,1.35,0.0,0.0,0.55,0.25,0.0,0.0,0.0,0.0,0.0,0.0,0.0,-1835832.0
2018-10,Holladay,19635531.0,4.85,1.35,0.0,0.0,0.55,0.25,0.0,0.0,0.0,0.0,0.0,0.0,0.0,-213946761.0
2018-10,Murray,178376015.0,4.85,1.35,0.0,0.0,0.55,0.25,0.0,0.0,0.0,0.0,0.0,0.0,0.0,148313935.0
2018-10,North Salt Lake,35391056.0,4.85,1.35,0.0,0.0,0.55,0.25,0.0,0.0,0.0,0.0,0.0,0.0,0.0,-11058215.0
2018-10,Salt Lake City,702220906.0,4.7,1.35,0.0,0.0,0.55,0.25,0.0,-0.14999999999999947,0.0,0.0,0.0,0.0,0.0,681075540.0
2018-10,South Salt Lake,152327851.0,4.85,1.35,0.0,0.0,0.55,0.25,0.0,0.0,0.0,0.0,0.0,0.0,0.0,-20391736.0
2018-10,Taylorsville,44355398.0,4.85,1.35,0.0,0.0,0.55,0.25,0.0,0.0,0.0,0.0,0.0,0.0,0.0,9872710.0
2018-10,West Valley City,211827846.0,4.85,1.35,0.0,0.0,0.55,0.25,0.0,0.14999999999999947,0.0,0.0,0.0,0.0,0.0,-546046399.0
2018-10,Woods Cross,27204032.0,4.85,1.35,0.0,0.0,0.55,0.25,0.0,0.0,0.0,0.0,0.0,0.0,0.0,-119316983.0
2018-11,Bountiful,47603618.0,4.85,1.35,0.0,0.0,0.55,0.25,0.0,0.0,0.0,0.0,0.0,0.0,0.0,2252953.0
2018-11,Holladay,21450523.0,4.85,1.35,0.0,0.0,0.55,0.25,0.0,0.0,0.0,0.0,0.0,0.0,0.0,-189254609.0
2018-11,Murray,182410896.0,4.85,1.35,0.0,0.0,0.55,0.25,0.0,0.0,0.0,0.0,0.0,0.0,0.0,154672107.0
2018-11,North Salt Lake,36248843.0,4.85,1.35,0.0,0.0,0.55,0.25,0.0,0.0,0.0,0.0,0.0,0.0,0.0,-9501220.0
2018-11,Salt Lake City,673449208.0,4.7,1.35,0.0,0.0,0.55,0.25,0.0,-0.14999999999999947,0.0,0.0,0.0,0.0,0.0,653813677.0
2018-11,South Salt Lake,149104035.0,4.85,1.35,0.0,0.0,0.55,0.25,0.0,0.0,0.0,0.0,0.0,0.0,0.0,-29271980.0
2018-11,Taylorsville,48012007.0,4.85,1.35,0.0,0.0,0.55,0.25,0.0,0.0,0.0,0.0,0.0,0.0,0.0,12620951.0
2018-11,West Valley City,207486130.0,4.85,1.35,0.0,0.0,0.55,0.25,0.0,0.14999999999999947,0.0,0.0,0.0,0.0,0.0,-494734776.0
2018-11,Woods Cross,25079500.0,4.85,1.35,0.0,0.0,0.55,0.25,0.0,0.0,0.0,0.0,0.0,0.0,0.0,-127248351.0
2018-12,Bountiful,59323746.0,4.85,1.35,0.0,0.0,0.55,0.25,0.0,0.0,0.0,0.0,0.0,0.0,0.0,14968348.0
2018-12,Holladay,25355702.0,4.85,1.35,0.0,0.0,0.55,0.25,0.0,0.0,0.0,0.0,0.0,0.0,0.0,-186472144.0
2018-12,Murray,218631593.0,4.85,1.35,0.0,0.0,0.55,0.25,0.0,0.0,0.0,0.0,0.0,0.0,0.0,191427561.0
2018-12,North Salt Lake,37240402.0,4.85,1.35,0.0,0.0,0.55,0.25,0.0,0.0,0.0,0.0,0.0,0.0,0.0,-10363216.0
2018-12,Salt Lake City,789601482.0,4.7,1.35,0.0,0.0,0.55,0.25,0.0,-0.14999999999999947,0.0,0.0,0.0,0.0,0.0,768150959.0
2018-12,South Salt Lake,145670310.0,4.85,1.35,0.0,0.0,0.55,0.25,0.0,0.0,0.0,0.0,0.0,0.0,0.0,-36740586.0
2018-12,Taylorsville,56640736.0,4.85,1.35,0.0,0.0,0.55,0.25,0.0,0.0,0.0,0.0,0.0,0.0,0.0,20391893.0
2018-12,West Valley City,252055654.0,4.85,1.35,0.0,0.0,0.55,0.25,0.0,0.14999999999999947,0.0,0.0,0.0,0.0,0.0,-421393554.0
2018-12,Woods Cross,29260241.0,4.85,1.35,0.0,0.0,0.55,0.25,0.0,0.0,0.0,0.0,0.0,0.0,0.0,-119843794.0
2019-01,Bountiful,45005355.0,4.85,1.35,0.0,0.0,0.55,0.25,0.0,0.0,0.0,0.0,0.0,0.0,0.0,-3006652.0
2019-01,Holladay,22756334.0,4.85,1.35,0.0,0.0,0.55,0.25,0.0,0.0,0.0,0.0,0.0,0.0,0.0,-184729796.0
2019-01,Murray,154367168.0,4.85,1.35,0.0,0.0,0.55,0.25,0.0,0.0,0.0,0.0,0.0,0.0,0.0,129287668.0
2019-01,North Salt Lake,33464922.0,4.85,1.35,0.0,0.0,0.55,0.25,0.0,0.0,0.0,0.0,0.0,0.0,0.0,-25858824.0
2019-01,Salt Lake City,638319770.0,4.85,1.35,0.0,0.0,0.55,0.25,0.5,0.0,0.0,0.0,0.5,0.0,0.0,612964068.0
2019-01,South Salt Lake,130166258.0,4.85,1.35,0.0,0.0,0.55,0.25,0.0,0.0,0.0,0.0,0.0,0.0,0.0,-88465335.0
2019-01,Taylorsville,43675354.0,4.85,1.35,0.0,0.0,0.55,0.25,0.0,0.0,0.0,0.0,0.0,0.0,0.0,6434952.0
2019-01,West Valley City,191717021.0,4.85,1.35,0.0,0.0,0.55,0.25,0.0,0.14999999999999947,0.0,0.0,0.0,0.0,0.0,-597884461.0
2019-01,Woods Cross,23891317.0,4.85,1.35,0.0,0.0,0.55,0.25,0.0,0.0,0.0,0.0,0.0,0.0,0.0,-121778993.0
2019-02,Bountiful,46157278.0,4.85,1.35,0.0,0.0,0.55,0.25,0.0,0.0,0.0,0.0,0.0,0.0,0.0,-10483458.0
2019-02,Holladay,20334384.0,4.85,1.35,0.0,0.0,0.55,0.25,0.0,0.0,0.0,0.0,0.0,0.0,0.0,-231721270.0
2019-02,Murray,154126867.0,4.85,1.35,0.0,0.0,0.55,0.25,0.0,0.0,0.0,0.0,0.0,0.0,0.0,124866626.0
2019-02,North Salt Lake,29242111.0,4.85,1.35,0.0,0.0,0.55,0.25,0.0,0.0,0.0,0.0,0.0,0.0,0.0,-15763244.0
2019-02,Salt Lake City,600463706.0,4.85,1.35,0.0,0.0,0.55,0.25,0.5,0.0,0.0,0.0,0.5,0.0,0.0,577707372.0
2019-02,South Salt Lake,120157671.0,4.85,1.35,0.0,0.0,0.55,0.25,0.0,0.0,0.0,0.0,0.0,0.0,0.0,-34209497.0
2019-02,Taylorsville,41916035.0,4.85,1.35,0.0,0.0,0.55,0.25,0.0,0.0,0.0,0.0,0.0,0.0,0.0,8451113.0
2019-02,West Valley City,188725563.0,4.85,1.35,0.0,0.0,0.55,0.25,0.0,0.0,0.0,0.0,-0.5,0.0,0.0,-449594207.0
2019-02,Woods Cross,23353534.0,4.85,1.35,0.0,0.0,0.55,0.25,0.0,0.0,0.0,0.0,0.0,0.0,0.0,-106812724.0
2019-03,Bountiful,52037692.0,4.85,1.35,0.0,0.0,0.55,0.25,0.0,0.0,0.0,0.0,0.0,0.0,0.0,8362338.0
2019-03,Holladay,21029969.0,4.85,1.35,0.0,0.0,0.55,0.25,0.0,0.0,0.0,0.0,0.0,0.0,0.0,-170687052.0
2019-03,Murray,181978725.0,4.85,1.35,0.0,0.0,0.55,0.25,0.0,0.0,0.0,0.0,0.0,0.0,0.0,158087408.0
2019-03,North Salt Lake,35025233.0,4.85,1.35,0.0,0.0,0.55,0.25,0.0,0.0,0.0,0.0,0.0,0.0,0.0,-11132045.0
2019-03,Salt Lake City,717375040.0,4.85,1.35,0.0,0.0,0.55,0.25,0.5,0.0,0.0,0.0,0.5,0.0,0.0,697040656.0
2019-03,South Salt Lake,142368791.0,4.85,1.35,0.0,0.0,0.55,0.25,0.0,0.0,0.0,0.0,0.0,0.0,0.0,-11758076.0
2019-03,Taylorsville,48997424.0,4.85,1.35,0.0,0.0,0.55,0.25,0.0,0.0,0.0,0.0,0.0,0.0,0.0,19755313.0
2019-03,West Valley City,220265869.0,4.85,1.35,0.0,0.0,0.55,0.25,0.0,0.0,0.0,0.0,-0.5,0.0,0.0,-380197837.0
2019-03,Woods Cross,26936836.0,4.85,1.35,0.0,0.0,0.55,0.25,0.0,0.0,0.0,0.0,0.0,0.0,0.0,-93220835.0
2019-04,Bountiful,47163392.0,4.85,1.35,0.0,0.0,0.55,0.25,0.0,0.0,0.0,0.0,0.0,0.0,0.0,5247357.0
2019-04,Holladay,19038015.0,4.85,1.35,0.0,0.0,0.55,0.25,0.0,0.0,0.0,0.0,0.0,0.0,0.0,-169687548.0
2019-04,Murray,171156518.0,4.85,1.35,0.0,0.0,0.55,0.25,0.0,0.0,0.0,0.0,0.0,0.0,0.0,147802984.0
2019-04,North Salt Lake,35378751.0,4.85,1.35,0.0,0.0,0.55,0.25,0.0,0.0,0.0,0.0,0.0,0.0,0.0,-16658941.0
2019-04,Salt Lake City,670436978.0,4.85,1.35,0.0,0.0,0.55,0.25,0.5,0.0,0.0,0.0,0.5,0.0,0.0,649407009.0
2019-04,South Salt Lake,149304741.0,4.85,1.35,0.0,0.0,0.55,0.25,0.0,0.0,0.0,0.0,0.0,0.0,0.0,-32673984.0
2019-04,Taylorsville,43840568.0,4.85,1.35,0.0,0.0,0.55,0.25,0.0,0.0,0.0,0.0,0.0,0.0,0.0,8815335.0
2019-04,West Valley City,207129561.0,4.85,1.35,0.0,0.0,0.55,0.25,0.0,0.0,0.0,0.0,-0.5,0.0,0.0,-510245479.0
2019-04,Woods Cross,26497984.0,4.85,1.35,0.0,0.0,0.55,0.25,0.0,0.0,0.0,0.0,0.0,0.0,0.0,-115870807.0
2019-05,Bountiful,53342372.0,4.85,1.35,0.0,0.0,0.55,0.25,0.0,0.0,0.0,0.0,0.0,0.0,0.0,4344948.0
2019-05,Holladay,20510749.0,4.85,1.35,0.0,0.0,0.55,0.25,0.0,0.0,0.0,0.0,0.0,0.0,0.0,-199755120.0
2019-05,Murray,180282201.0,4.85,1.35,0.0,0.0,0.55,0.25,0.0,0.0,0.0,0.0,0.0,0.0,0.0,153345365.0
2019-05,North Salt Lake,37410774.0,4.85,1.35,0.0,0.0,0.55,0.25,0.0,0.0,0.0,0.0,0.0,0.0,0.0,-9752618.0
2019-05,Salt Lake City,690465630.0,4.85,1.35,0.0,0.0,0.55,0.25,0.5,0.0,0.0,0.0,0.5,0.0,0.0,671427615.0
2019-05,South Salt Lake,156219879.0,4.85,1.35,0.0,0.0,0.55,0.25,0.0,0.0,0.0,0.0,0.0,0.0,0.0,-14936639.0
2019-05,Taylorsville,47339875.0,4.85,1.35,0.0,0.0,0.55,0.25,0.0,0.0,0.0,0.0,0.0,0.0,0.0,11961124.0
2019-05,West Valley City,225099658.0,4.85,1.35,0.0,0.0,0.55,0.25,0.0,0.0,0.0,0.0,-0.5,0.0,0.0,-445337320.0
2019-05,Woods Cross,30685287.0,4.85,1.35,0.0,0.0,0.55,0.25,0.0,0.0,0.0,0.0,0.0,0.0,0.0,-118619454.0
2019-06,Bountiful,50493098.0,4.85,1.35,0.0,0.0,0.55,0.25,0.0,0.0,0.0,0.0,0.0,0.0,0.0,6652530.0
2019-06,Holladay,20939869.0,4.85,1.35,0.0,0.0,0.55,0.25,0.0,0.0,0.0,0.0,0.0,0.0,0.0,-186189692.0
2019-06,Murray,181578007.0,4.85,1.35,0.0,0.0,0.55,0.25,0.0,0.0,0.0,0.0,0.0,0.0,0.0,155080023.0
2019-06,North Salt Lake,38689928.0,4.85,1.35,0.0,0.0,0.55,0.25,0.0,0.0,0.0,0.0,0.0,0.0,0.0,-14652444.0
2019-06,Salt Lake City,715804105.0,4.85,1.35,0.0,0.0,0.55,0.25,0.5,0.0,0.0,0.0,0.5,0.0,0.0,695293356.0
2019-06,South Salt Lake,183380722.0,4.85,1.35,0.0,0.0,0.55,0.25,0.0,0.0,0.0,0.0,0.0,0.0,0.0,3098521.0
2019-06,Taylorsville,48226643.0,4.85,1.35,0.0,0.0,0.55,0.25,0.0,0.0,0.0,0.0,0.0,0.0,0.0,10815869.0
2019-06,West Valley City,240630607.0,4.85,1.35,0.0,0.0,0.55,0.25,0.0,0.0,0.0,0.0,-0.5,0.0,0.0,-449835023.0
2019-06,Woods Cross,29431106.0,4.85,1.35,0.0,0.0,0.55,0.25,0.0,0.0,0.0,0.0,0.0,0.0,0.0,-126788773.0
2019-07,Bountiful,52313526.0,4.85,1.35,0.0,0.0,0.55,0.25,0.0,0.0,0.0,0.0,0.0,0.0,0.0,4973651.0
2019-07,Holladay,21794949.0,4.85,1.35,0.0,0.0,0.55,0.25,0.0,0.0,0.0,0.0,0.0,0.0,0.0,-203304709.0
2019-07,Murray,187171657.0,4.85,1.35,0.0,0.0,0.55,0.25,0.0,0.0,0.0,0.0,0.0,0.0,0.0,156486370.0
2019-07,North Salt Lake,35886549.0,4.85,1.35,0.0,0.0,0.55,0.25,0.0,0.0,0.0,0.0,0.0,0.0,0.0,-14606549.0
2019-07,Salt Lake City,716295672.0,4.85,1.35,0.0,0.0,0.55,0.25,0.5,0.0,0.0,0.0,0.5,0.0,0.0,695355803.0
2019-07,South Salt Lake,161370522.0,4.85,1.35,0.0,0.0,0.55,0.25,0.0,0.0,0.0,0.0,0.0,0.0,0.0,-20207485.0
2019-07,Taylorsville,48108260.0,4.85,1.35,0.0,0.0,0.55,0.25,0.0,0.0,0.0,0.0,0.0,0.0,0.0,9418332.0
2019-07,West Valley City,228385017.0,4.85,1.35,0.0,0.0,0.55,0.25,0.0,0.0,0.0,0.0,-0.5,0.0,0.0,-487419088.0
2019-07,Woods Cross,29080890.0,4.85,1.35,0.0,0.0,0.55,0.25,0.0,0.0,0.0,0.0,0.0,0.0,0.0,-154299832.0
2019-08,Bountiful,50851873.0,4.85,1.35,0.0,0.0,0.55,0.25,0.0,0.0,0.0,0.0,0.0,0.0,0.0,2625230.0
2019-08,Holladay,21532882.0,4.85,1.35,0.0,0.0,0.55,0.25,0.0,0.0,0.0,0.0,0.0,0.0,0.0,-219097725.0
2019-08,Murray,200744041.0,4.85,1.35,0.0,0.0,0.55,0.25,0.0,0.0,0.0,0.0,0.0,0.0,0.0,171312935.0
2019-08,North Salt Lake,40338217.0,4.85,1.35,0.0,0.0,0.55,0.25,0.0,0.0,0.0,0.0,0.0,0.0,0.0,-11975309.0
2019-08,Salt Lake City,741092571.0,4.85,1.35,0.0,0.0,0.55,0.25,0.5,0.0,0.0,0.0,0.5,0.0,0.0,719297622.0
2019-08,South Salt Lake,168161604.0,4.85,1.35,0.0,0.0,0.55,0.25,0.0,0.0,0.0,0.0,0.0,0.0,0.0,-19010053.0
2019-08,Taylorsville,48402443.0,4.85,1.35,0.0,0.0,0.55,0.25,0.0,0.0,0.0,0.0,0.0,0.0,0.0,12515894.0
2019-08,West Valley City,244215791.0,4.85,1.35,0.0,0.0,0.55,0.25,0.0,0.0,0.0,0.0,-0.5,0.0,0.0,-472079881.0
2019-08,Woods Cross,32890837.0,4.85,1.35,0.0,0.0,0.55,0.25,0.0,0.0,0.0,0.0,0.0,0.0,0.0,-128479685.0
2019-09,Bountiful,48799349.0,4.85,1.35,0.0,0.0,0.55,0.25,0.0,0.0,0.0,0.0,0.0,0.0,0.0,691089.0
2019-09,Holladay,20208179.0,4.85,1.35,0.0,0.0,0.55,0.25,0.0,0.0,0.0,0.0,0.0,0.0,0.0,-208176838.0
2019-09,Murray,184734496.0,4.85,1.35,0.0,0.0,0.55,0.25,0.0,0.0,0.0,0.0,0.0,0.0,0.0,155653606.0
2019-09,North Salt Lake,33761036.0,4.85,1.35,0.0,0.0,0.55,0.25,0.0,0.0,0.0,0.0,0.0,0.0,0.0,-17090837.0
2019-09,Salt Lake City,737694476.0,4.85,1.35,0.0,0.0,0.55,0.25,0.5,0.0,0.0,0.0,0.5,0.0,0.0,716161594.0
2019-09,South Salt Lake,171745474.0,4.85,1.35,0.0,0.0,0.55,0.25,0.0,0.0,0.0,0.0,0.0,0.0,0.0,-28998567.0
2019-09,Taylorsville,46375262.0,4.85,1.35,0.0,0.0,0.55,0.25,0.0,0.0,0.0,0.0,0.0,0.0,0.0,6037045.0
2019-09,West Valley City,233176412.0,4.85,1.35,0.0,0.0,0.55,0.25,0.0,0.0,0.0,0.0,-0.5,0.0,0.0,-507916159.0
2019-09,Woods Cross,30521332.0,4.85,1.35,0.0,0.0,0.55,0.25,0.0,0.0,0.0,0.0,0.0,0.0,0.0,-137640272.0
2019-10,Bountiful,49545111.0,4.85,1.35,0.0,0.0,0.55,0.25,0.0,0.0,0.0,0.0,0.0,0.0,0.0,1142668.0
2019-10,Holladay,21974986.0,4.85,1.35,0.0,0.0,0.55,0.25,0.0,0.0,0.0,0.0,0.0,0.0,0.0,-222240805.0
2019-10,Murray,184157466.0,4.85,1.35,0.0,0.0,0.55,0.25,0.0,0.0,0.0,0.0,0.0,0.0,0.0,151266629.0
2019-10,North Salt Lake,39007051.0,4.85,1.35,0.0,0.0,0.55,0.25,0.0,0.0,0.0,0.0,0.0,0.0,0.0,-9792298.0
2019-10,Salt Lake City,765914705.0,4.85,1.35,0.0,0.0,0.55,0.25,0.5,0.0,0.0,0.0,0.5,0.0,0.0,745706526.0
2019-10,South Salt Lake,171869922.0,4.85,1.35,0.0,0.0,0.55,0.25,0.0,0.0,0.0,0.0,0.0,0.0,0.0,-12864574.0
2019-10,Taylorsville,48852982.0,4.85,1.35,0.0,0.0,0.55,0.25,0.0,0.0,0.0,0.0,0.0,0.0,0.0,15091946.0
2019-10,West Valley City,239188162.0,4.85,1.35,0.0,0.0,0.55,0.25,0.0,0.0,0.0,0.0,-0.5,0.0,0.0,-498506314.0
2019-10,Woods Cross,31396368.0,4.85,1.35,0.0,0.0,0.55,0.25,0.0,0.0,0.0,0.0,0.0,0.0,0.0,-140349106.0
2019-11,Bountiful,52454850.0,4.85,1.35,0.0,0.0,0.55,0.25,0.0,0.0,0.0,0.0,0.0,0.0,0.0,6079588.0
2019-11,Holladay,24298720.0,4.85,1.35,0.0,0.0,0.55,0.25,0.0,0.0,0.0,0.0,0.0,0.0,0.0,-208877692.0
2019-11,Murray,191320567.0,4.85,1.35,0.0,0.0,0.55,0.25,0.0,0.0,0.0,0.0,0.0,0.0,0.0,160799235.0
2019-11,North Salt Lake,36341077.0,4.85,1.35,0.0,0.0,0.55,0.25,0.0,0.0,0.0,0.0,0.0,0.0,0.0,-13204034.0
2019-11,Salt Lake City,704657912.0,4.85,1.35,0.0,0.0,0.55,0.25,0.5,0.0,0.0,0.0,0.5,0.0,0.0,682682926.0
2019-11,South Salt Lake,158389617.0,4.85,1.35,0.0,0.0,0.55,0.25,0.0,0.0,0.0,0.0,0.0,0.0,0.0,-25767849.0
2019-11,Taylorsville,50206869.0,4.85,1.35,0.0,0.0,0.55,0.25,0.0,0.0,0.0,0.0,0.0,0.0,0.0,11199818.0
2019-11,West Valley City,223674865.0,4.85,1.35,0.0,0.0,0.55,0.25,0.0,0.0,0.0,0.0,-0.5,0.0,0.0,-542239840.0
2019-11,Woods Cross,28565185.0,4.85,1.35,0.0,0.0,0.55,0.25,0.0,0.0,0.0,0.0,0.0,0.0,0.0,-143304737.0
2019-12,Bountiful,64120373.0,4.85,1.35,0.0,0.0,0.55,0.25,0.0,0.0,0.0,0.0,0.0,0.0,0.0,15267391.0
2019-12,Holladay,33844430.0,4.85,1.35,0.0,0.0,0.55,0.25,0.0,0.0,0.0,0.0,0.0,0.0,0.0,-205343732.0
2019-12,Murray,229287303.0,4.85,1.35,0.0,0.0,0.55,0.25,0.0,0.0,0.0,0.0,0.0,0.0,0.0,197890935.0
2019-12,North Salt Lake,39327573.0,4.85,1.35,0.0,0.0,0.55,0.25,0.0,0.0,0.0,0.0,0.0,0.0,0.0,-13127277.0
2019-12,Salt Lake City,827556277.0,4.85,1.35,0.0,0.0,0.55,0.25,0.5,0.0,0.0,0.0,0.5,0.0,0.0,803257557.0
2019-12,South Salt Lake,174781898.0,4.85,1.35,0.0,0.0,0.55,0.25,0.0,0.0,0.0,0.0,0.0,0.0,0.0,-16538669.0
2019-12,Taylorsville,60475279.0,4.85,1.35,0.0,0.0,0.55,0.25,0.0,0.0,0.0,0.0,0.0,0.0,0.0,24134202.0
2019-12,West Valley City,269928011.0,4.85,1.35,0.0,0.0,0.55,0.25,0.0,0.0,0.0,0.0,-0.5,0.0,0.0,-434729901.0
2019-12,Woods Cross,33671626.0,4.85,1.35,0.0,0.0,0.55,0.25,0.0,0.0,0.0,0.0,0.0,0.0,0.0,-124717991.0
2020-01,Bountiful,49936879.0,4.85,1.35,0.0,0.0,0.55,0.25,0.0,0.0,0.0,0.0,0.0,0.0,0.0,-269990.0
2020-01,Holladay,23718070.0,4.85,1.35,0.0,0.0,0.55,0.25,0.0,0.0,0.0,0.0,0.0,0.0,0.0,-199956795.0
2020-01,Murray,161321552.0,4.85,1.35,0.0,0.0,0.55,0.25,0.0,0.0,0.0,0.0,0.0,0.0,0.0,132756367.0
2020-01,North Salt Lake,33507300.0,4.85,1.35,0.0,0.0,0.55,0.25,0.0,0.0,0.0,0.0,0.0,0.0,0.0,-30613073.0
2020-01,Salt Lake City,696151183.0,4.85,1.35,0.0,0.0,0.55,0.25,0.5,0.0,0.0,0.0,0.5,0.0,0.0,662306753.0
2020-01,South Salt Lake,148772195.0,4.85,1.35,0.0,0.0,0.55,0.25,0.0,0.0,0.0,0.0,0.0,0.0,0.0,-80515108.0
2020-01,Taylorsville,49686075.0,4.85,1.35,0.0,0.0,0.55,0.25,0.0,0.0,0.0,0.0,0.0,0.0,0.0,10358502.0
2020-01,West Valley City,223743214.0,4.85,1.35,0.0,0.0,0.55,0.25,0.0,0.0,0.0,0.0,-0.5,0.0,0.0,-603813063.0
2020-01,Woods Cross,27010408.0,4.85,1.35,0.0,0.0,0.55,0.25,0.0,0.0,0.0,0.0,0.0,0.0,0.0,-147771490.0
2020-02,Bountiful,46249423.0,4.85,1.35,0.0,0.0,0.55,0.25,0.0,0.0,0.0,0.0,0.0,0.0,0.0,-14225856.0
2020-02,Holladay,22719044.0,4.85,1.35,0.0,0.0,0.55,0.25,0.0,0.0,0.0,0.0,0.0,0.0,0.0,-247208967.0
2020-02,Murray,167640157.0,4.85,1.35,0.0,0.0,0.55,0.25,0.0,0.0,0.0,0.0,0.0,0.0,0.0,133968531.0
2020-02,North Salt Lake,31820188.0,4.85,1.35,0.0,0.0,0.55,0.25,0.0,0.0,0.0,0.0,0.0,0.0,0.0,-18116691.0
2020-02,Salt Lake City,670017149.0,4.85,1.35,0.0,0.0,0.55,0.25,0.5,0.0,0.0,0.0,0.5,0.0,0.0,646299079.0
2020-02,South Salt Lake,140574709.0,4.85,1.35,0.0,0.0,0.55,0.25,0.0,0.0,0.0,0.0,0.0,0.0,0.0,-20746843.0
2020-02,Taylorsville,46768698.0,4.85,1.35,0.0,0.0,0.55,0.25,0.0,0.0,0.0,0.0,0.0,0.0,0.0,13261398.0
2020-02,West Valley City,199402234.0,4.85,1.35,0.0,0.0,0.55,0.25,0.0,0.0,0.0,0.0,-0.5,0.0,0.0,-496748949.0
2020-02,Woods Cross,24558615.0,4.85,1.35,0.0,0.0,0.55,0.25,0.0,0.0,0.0,0.0,0.0,0.0,0.0,-124213580.0
2020-03,Bountiful,49733783.0,4.85,1.35,0.0,0.0,0.55,0.25,0.0,0.0,0.0,0.0,0.0,0.0,0.0,47708.0
2020-03,Holladay,26808419.0,4.85,1.35,0.0,0.0,0.55,0.25,0.0,0.0,0.0,0.0,0.0,0.0,0.0,-196934795.0
2020-03,Murray,151662863.0,4.85,1.35,0.0,0.0,0.55,0.25,0.0,0.0,0.0,0.0,0.0,0.0,0.0,124652455.0
2020-03,North Salt Lake,32950586.0,4.85,1.35,0.0,0.0,0.55,0.25,0.0,0.0,0.0,0.0,0.0,0.0,0.0,-13298837.0
2020-03,Salt Lake City,664243524.0,4.85,1.35,0.0,0.0,0.55,0.25,0.5,0.0,0.0,0.0,0.5,0.0,0.0,641524480.0
2020-03,South Salt Lake,163932545.0,4.85,1.35,0.0,0.0,0.55,0.25,0.0,0.0,0.0,0.0,0.0,0.0,0.0,-3707612.0
2020-03,Taylorsville,51805016.0,4.85,1.35,0.0,0.0,0.55,0.25,0.0,0.0,0.0,0.0,0.0,0.0,0.0,19984828.0
2020-03,West Valley City,226699797.0,4.85,1.35,0.0,0.0,0.55,0.25,0.0,0.0,0.0,0.0,-0.5,0.0,0.0,-443317352.0
2020-03,Woods Cross,29620696.0,4.85,1.35,0.0,0.0,0.55,0.25,0.0,0.0,0.0,0.0,0.0,0.0,0.0,-110954013.0
2020-04,Bountiful,50010191.0,4.85,1.35,0.0,0.0,0.55,0.25,0.0,0.0,0.0,0.0,0.0,0.0,0.0,3241493.0
2020-04,Holladay,22010287.0,4.85,1.35,0.0,0.0,0.55,0.25,0.0,0.0,0.0,0.0,0.0,0.0,0.0,-177391947.0
2020-04,Murray,129920867.0,4.85,1.35,0.0,0.0,0.55,0.25,0.0,0.0,0.0,0.0,0.0,0.0,0.0,105362252.0
2020-04,North Salt Lake,32182656.0,4.85,1.35,0.0,0.0,0.55,0.25,0.0,0.0,0.0,0.0,0.0,0.0,0.0,-17551127.0
2020-04,Salt Lake City,574115316.0,4.85,1.35,0.0,0.0,0.55,0.25,0.5,0.0,0.0,0.0,0.5,0.0,0.0,547306897.0
2020-04,South Salt Lake,159015682.0,4.85,1.35,0.0,0.0,0.55,0.25,0.0,0.0,0.0,0.0,0.0,0.0,0.0,7352819.0
2020-04,Taylorsville,47639236.0,4.85,1.35,0.0,0.0,0.55,0.25,0.0,0.0,0.0,0.0,0.0,0.0,0.0,14688650.0
2020-04,West Valley City,222211718.0,4.85,1.35,0.0,0.0,0.55,0.25,0.0,0.0,0.0,0.0,-0.5,0.0,0.0,-442031806.0
2020-04,Woods Cross,31204145.0,4.85,1.35,0.0,0.0,0.55,0.25,0.0,0.0,0.0,0.0,0.0,0.0,0.0,-132728400.0
2020-05,Bountiful,58045526.0,4.85,1.35,0.0,0.0,0.55,0.25,0.0,0.0,0.0,0.0,0.0,0.0,0.0,6240510.0
2020-05,Holladay,24459295.0,4.85,1.35,0.0,0.0,0.55,0.25,0.0,0.0,0.0,0.0,0.0,0.0,0.0,-202240502.0
2020-05,Murray,170063395.0,4.85,1.35,0.0,0.0,0.55,0.25,0.0,0.0,0.0,0.0,0.0,0.0,0.0,140442699.0
2020-05,North Salt Lake,46368228.0,4.85,1.35,0.0,0.0,0.55,0.25,0.0,0.0,0.0,0.0,0.0,0.0,0.0,-3641963.0
2020-05,Salt Lake City,615481444.0,4.85,1.35,0.0,0.0,0.55,0.25,0.5,0.0,0.0,0.0,0.5,0.0,0.0,593471157.0
2020-05,South Salt Lake,170171453.0,4.85,1.35,0.0,0.0,0.55,0.25,0.0,0.0,0.0,0.0,0.0,0.0,0.0,40250586.0
2020-05,Taylorsville,52013595.0,4.85,1.35,0.0,0.0,0.55,0.25,0.0,0.0,0.0,0.0,0.0,0.0,0.0,19830939.0
2020-05,West Valley City,241360516.0,4.85,1.35,0.0,0.0,0.55,0.25,0.0,0.0,0.0,0.0,-0.5,0.0,0.0,-332754800.0
2020-05,Woods Cross,34965515.0,4.85,1.35,0.0,0.0,0.55,0.25,0.0,0.0,0.0,0.0,0.0,0.0,0.0,-124050167.0
2020-06,Bountiful,60281055.0,4.85,1.35,0.0,0.0,0.55,0.25,0.0,0.0,0.0,0.0,0.0,0.0,0.0,12641819.0
2020-06,Holladay,29377927.0,4.85,1.35,0.0,0.0,0.55,0.25,0.0,0.0,0.0,0.0,0.0,0.0,0.0,-192833791.0
2020-06,Murray,192200762.0,4.85,1.35,0.0,0.0,0.55,0.25,0.0,0.0,0.0,0.0,0.0,0.0,0.0,160996617.0
2020-06,North Salt Lake,45964281.0,4.85,1.35,0.0,0.0,0.55,0.25,0.0,0.0,0.0,0.0,0.0,0.0,0.0,-12081245.0
2020-06,Salt Lake City,693023538.0,4.85,1.35,0.0,0.0,0.55,0.25,0.5,0.0,0.0,0.0,0.5,0.0,0.0,668564243.0
2020-06,South Salt Lake,198426787.0,4.85,1.35,0.0,0.0,0.55,0.25,0.0,0.0,0.0,0.0,0.0,0.0,0.0,28363392.0
2020-06,Taylorsville,51309259.0,4.85,1.35,0.0,0.0,0.55,0.25,0.0,0.0,0.0,0.0,0.0,0.0,0.0,4941031.0
2020-06,West Valley City,266564398.0,4.85,1.35,0.0,0.0,0.55,0.25,0.0,0.0,0.0,0.0,-0.5,0.0,0.0,-348917046.0
2020-06,Woods Cross,38287039.0,4.85,1.35,0.0,0.0,0.55,0.25,0.0,0.0,0.0,0.0,0.0,0.0,0.0,-131884414.0
2020-07,Bountiful,58316650.0,4.85,1.35,0.0,0.0,0.55,0.25,0.0,0.0,0.0,0.0,0.0,0.0,0.0,6303055.0
2020-07,Holladay,27439069.0,4.85,1.35,0.0,0.0,0.55,0.25,0.0,0.0,0.0,0.0,0.0,0.0,0.0,-213921447.0
2020-07,Murray,181567015.0,4.85,1.35,0.0,0.0,0.55,0.25,0.0,0.0,0.0,0.0,0.0,0.0,0.0,146601500.0
2020-07,North Salt Lake,40509018.0,4.85,1.35,0.0,0.0,0.55,0.25,0.0,0.0,0.0,0.0,0.0,0.0,0.0,-19772037.0
2020-07,Salt Lake City,668583920.0,4.85,1.35,0.0,0.0,0.55,0.25,0.5,0.0,0.0,0.0,0.5,0.0,0.0,639205993.0
2020-07,South Salt Lake,183190551.0,4.85,1.35,0.0,0.0,0.55,0.25,0.0,0.0,0.0,0.0,0.0,0.0,0.0,-9010211.0
2020-07,Taylorsville,51901712.0,4.85,1.35,0.0,0.0,0.55,0.25,0.0,0.0,0.0,0.0,0.0,0.0,0.0,5937431.0
2020-07,West Valley City,245831641.0,4.85,1.35,0.0,0.0,0.55,0.25,0.0,0.0,0.0,0.0,-0.5,0.0,0.0,-447191897.0
2020-07,Woods Cross,36242559.0,4.85,1.35,0.0,0.0,0.55,0.25,0.0,0.0,0.0,0.0,0.0,0.0,0.0,-162184228.0
2020-08,Bountiful,54650361.0,4.85,1.35,0.0,0.0,0.55,0.25,0.0,0.0,0.0,0.0,0.0,0.0,0.0,3341102.0
2020-08,Holladay,28020996.0,4.85,1.35,0.0,0.0,0.55,0.25,0.0,0.0,0.0,0.0,0.0,0.0,0.0,-238543402.0
2020-08,Murray,203631729.0,4.85,1.35,0.0,0.0,0.55,0.25,0.0,0.0,0.0,0.0,0.0,0.0,0.0,165344690.0
2020-08,North Salt Lake,45427275.0,4.85,1.35,0.0,0.0,0.55,0.25,0.0,0.0,0.0,0.0,0.0,0.0,0.0,-12889375.0
2020-08,Salt Lake City,690542826.0,4.85,1.35,0.0,0.0,0.55,0.25,0.5,0.0,0.0,0.0,0.5,0.0,0.0,663103757.0
2020-08,South Salt Lake,177181085.0,4.85,1.35,0.0,0.0,0.55,0.25,0.0,0.0,0.0,0.0,0.0,0.0,0.0,-4385930.0
2020-08,Taylorsville,53920674.0,4.85,1.35,0.0,0.0,0.55,0.25,0.0,0.0,0.0,0.0,0.0,0.0,0.0,13411656.0
2020-08,West Valley City,258660925.0,4.85,1.35,0.0,0.0,0.55,0.25,0.0,0.0,0.0,0.0,-0.5,0.0,0.0,-409922995.0
2020-08,Woods Cross,43054058.0,4.85,1.35,0.0,0.0,0.55,0.25,0.0,0.0,0.0,0.0,0.0,0.0,0.0,-140136493.0
2020-09,Bountiful,56007624.0,4.85,1.35,0.0,0.0,0.55,0.25,0.0,0.0,0.0,0.0,0.0,0.0,0.0,4105912.0
2020-09,Holladay,27498719.0,4.85,1.35,0.0,0.0,0.55,0.25,0.0,0.0,0.0,0.0,0.0,0.0,0.0,-218332922.0
2020-09,Murray,193423952.0,4.85,1.35,0.0,0.0,0.55,0.25,0.0,0.0,0.0,0.0,0.0,0.0,0.0,157181393.0
2020-09,North Salt Lake,40068238.0,4.85,1.35,0.0,0.0,0.55,0.25,0.0,0.0,0.0,0.0,0.0,0.0,0.0,-14582123.0
2020-09,Salt Lake City,694830182.0,4.85,1.35,0.0,0.0,0.55,0.25,0.5,0.0,0.0,0.0,0.5,0.0,0.0,666809186.0
2020-09,South Salt Lake,191835828.0,4.85,1.35,0.0,0.0,0.55,0.25,0.0,0.0,0.0,0.0,0.0,0.0,0.0,-11795901.0
2020-09,Taylorsville,52177688.0,4.85,1.35,0.0,0.0,0.55,0.25,0.0,0.0,0.0,0.0,0.0,0.0,0.0,6750413.0
2020-09,West Valley City,248763145.0,4.85,1.35,0.0,0.0,0.55,0.25,0.0,0.0,0.0,0.0,-0.5,0.0,0.0,-441779681.0
2020-09,Woods Cross,39328257.0,4.85,1.35,0.0,0.0,0.55,0.25,0.0,0.0,0.0,0.0,0.0,0.0,0.0,-137852828.0
2020-10,Bountiful,53383681.0,4.85,1.35,0.0,0.0,0.55,0.25,0.0,0.0,0.0,0.0,0.0,0.0,0.0,-536993.0
2020-10,Holladay,26995937.0,4.85,1.35,0.0,0.0,0.55,0.25,0.0,0.0,0.0,0.0,0.0,0.0,0.0,-231664988.0
2020-10,Murray,191787451.0,4.85,1.35,0.0,0.0,0.55,0.25,0.0,0.0,0.0,0.0,0.0,0.0,0.0,148733393.0
2020-10,North Salt Lake,43108200.0,4.85,1.35,0.0,0.0,0.55,0.25,0.0,0.0,0.0,0.0,0.0,0.0,0.0,-12899424.0
2020-10,Salt Lake City,713694813.0,4.85,1.35,0.0,0.0,0.55,0.25,0.5,0.0,0.0,0.0,0.5,0.0,0.0,686196094.0
2020-10,South Salt Lake,190684755.0,4.85,1.35,0.0,0.0,0.55,0.25,0.0,0.0,0.0,0.0,0.0,0.0,0.0,-2739197.0
2020-10,Taylorsville,50233920.0,4.85,1.35,0.0,0.0,0.55,0.25,0.0,0.0,0.0,0.0,0.0,0.0,0.0,10165682.0
2020-10,West Valley City,240028034.0,4.85,1.35,0.0,0.0,0.55,0.25,0.0,0.0,0.0,0.0,-0.5,0.0,0.0,-454802148.0
2020-10,Woods Cross,37734072.0,4.85,1.35,0.0,0.0,0.55,0.25,0.0,0.0,0.0,0.0,0.0,0.0,0.0,-154101756.0
2020-11,Bountiful,56398162.0,4.85,1.35,0.0,0.0,0.55,0.25,0.0,0.0,0.0,0.0,0.0,0.0,0.0,4220474.0
2020-11,Holladay,29521567.0,4.85,1.35,0.0,0.0,0.55,0.25,0.0,0.0,0.0,0.0,0.0,0.0,0.0,-219241578.0
2020-11,Murray,182682093.0,4.85,1.35,0.0,0.0,0.55,0.25,0.0,0.0,0.0,0.0,0.0,0.0,0.0,143353836.0
2020-11,North Salt Lake,38875425.0,4.85,1.35,0.0,0.0,0.55,0.25,0.0,0.0,0.0,0.0,0.0,0.0,0.0,-14508256.0
2020-11,Salt Lake City,675320249.0,4.85,1.35,0.0,0.0,0.55,0.25,0.5,0.0,0.0,0.0,0.5,0.0,0.0,648324312.0
2020-11,South Salt Lake,171963979.0,4.85,1.35,0.0,0.0,0.55,0.25,0.0,0.0,0.0,0.0,0.0,0.0,0.0,-19823472.0
2020-11,Taylorsville,55115906.0,4.85,1.35,0.0,0.0,0.55,0.25,0.0,0.0,0.0,0.0,0.0,0.0,0.0,12007706.0
2020-11,West Valley City,251407745.0,4.85,1.35,0.0,0.0,0.55,0.25,0.0,0.0,0.0,0.0,-0.5,0.0,0.0,-462287068.0
2020-11,Woods Cross,34182869.0,4.85,1.35,0.0,0.0,0.55,0.25,0.0,0.0,0.0,0.0,0.0,0.0,0.0,-156501886.0
2020-12,Bountiful,72418747.0,4.85,1.35,0.0,0.0,0.55,0.25,0.0,0.0,0.0,0.0,0.0,0.0,0.0,22184827.0
2020-12,Holladay,37277277.0,4.85,1.35,0.0,0.0,0.55,0.25,0.0,0.0,0.0,0.0,0.0,0.0,0.0,-202750757.0
2020-12,Murray,229711101.0,4.85,1.35,0.0,0.0,0.55,0.25,0.0,0.0,0.0,0.0,0.0,0.0,0.0,191977029.0
2020-12,North Salt Lake,46963752.0,4.85,1.35,0.0,0.0,0.55,0.25,0.0,0.0,0.0,0.0,0.0,0.0,0.0,-9434410.0
2020-12,Salt Lake City,828503779.0,4.85,1.35,0.0,0.0,0.55,0.25,0.5,0.0,0.0,0.0,0.5,0.0,0.0,798982212.0
2020-12,South Salt Lake,193168084.0,4.85,1.35,0.0,0.0,0.55,0.25,0.0,0.0,0.0,0.0,0.0,0.0,0.0,10485991.0
2020-12,Taylorsville,72851214.0,4.85,1.35,0.0,0.0,0.55,0.25,0.0,0.0,0.0,0.0,0.0,0.0,0.0,33975789.0
2020-12,West Valley City,300442782.0,4.85,1.35,0.0,0.0,0.55,0.25,0.0,0.0,0.0,0.0,-0.5,0.0,0.0,-374877467.0
2020-12,Woods Cross,42080516.0,4.85,1.35,0.0,0.0,0.55,0.25,0.0,0.0,0.0,0.0,0.0,0.0,0.0,-129883463.0
2021-01,Bountiful,53243024.0,4.85,1.35,0.0,0.0,0.55,0.25,0.0,0.0,0.0,0.0,0.0,0.0,0.0,-1872882.0
2021-01,Holladay,26792592.0,4.85,1.35,0.0,0.0,0.55,0.25,0.0,0.0,0.0,0.0,0.0,0.0,0.0,-224615153.0
2021-01,Murray,177941091.0,4.85,1.35,0.0,0.0,0.55,0.25,0.0,0.0,0.0,0.0,0.0,0.0,0.0,143758222.0
2021-01,North Salt Lake,41437397.0,4.85,1.35,0.0,0.0,0.55,0.25,0.0,0.0,0.0,0.0,0.0,0.0,0.0,-30981350.0
2021-01,Salt Lake City,688733394.0,4.85,1.35,0.0,0.0,0.55,0.25,0.5,0.0,0.0,0.0,0.5,0.0,0.0,651456117.0
2021-01,South Salt Lake,154391172.0,4.85,1.35,0.0,0.0,0.55,0.25,0.0,0.0,0.0,0.0,0.0,0.0,0.0,-75319929.0
2021-01,Taylorsville,54033584.0,4.85,1.35,0.0,0.0,0.55,0.25,0.0,0.0,0.0,0.0,0.0,0.0,0.0,7069832.0
2021-01,West Valley City,231374095.0,4.85,1.35,0.0,0.0,0.55,0.25,0.0,0.0,0.0,0.0,-0.5,0.0,0.0,-597129684.0
2021-01,Woods Cross,34326350.0,4.85,1.35,0.0,0.0,0.55,0.25,0.0,0.0,0.0,0.0,0.0,0.0,0.0,-158841734.0
2021-02,Bountiful,51491224.0,4.85,1.35,0.0,0.0,0.55,0.25,0.0,0.0,0.0,0.0,0.0,0.0,0.0,-21359990.0
2021-02,Holladay,26319170.0,4.85,1.35,0.0,0.0,0.55,0.25,0.0,0.0,0.0,0.0,0.0,0.0,0.0,-274123612.0
2021-02,Murray,167096408.0,4.85,1.35,0.0,0.0,0.55,0.25,0.0,0.0,0.0,0.0,0.0,0.0,0.0,125015892.0
2021-02,North Salt Lake,38898913.0,4.85,1.35,0.0,0.0,0.55,0.25,0.0,0.0,0.0,0.0,0.0,0.0,0.0,-14344111.0
2021-02,Salt Lake City,665039892.0,4.85,1.35,0.0,0.0,0.55,0.25,0.5,0.0,0.0,0.0,0.5,0.0,0.0,638247300.0
2021-02,South Salt Lake,153743232.0,4.85,1.35,0.0,0.0,0.55,0.25,0.0,0.0,0.0,0.0,0.0,0.0,0.0,-24197859.0
2021-02,Taylorsville,49927605.0,4.85,1.35,0.0,0.0,0.55,0.25,0.0,0.0,0.0,0.0,0.0,0.0,0.0,8490208.0
2021-02,West Valley City,216949201.0,4.85,1.35,0.0,0.0,0.55,0.25,0.0,0.0,0.0,0.0,-0.5,0.0,0.0,-471784193.0
2021-02,Woods Cross,33824125.0,4.85,1.35,0.0,0.0,0.55,0.25,0.0,0.0,0.0,0.0,0.0,0.0,0.0,-120567047.0
2021-03,Bountiful,63259099.0,4.85,1.35,0.0,0.0,0.55,0.25,0.0,0.0,0.0,0.0,0.0,0.0,0.0,9225515.0
2021-03,Holladay,29874342.0,4.85,1.35,0.0,0.0,0.55,0.25,0.0,0.0,0.0,0.0,0.0,0.0,0.0,-201499753.0
2021-03,Murray,220722842.0,4.85,1.35,0.0,0.0,0.55,0.25,0.0,0.0,0.0,0.0,0.0,0.0,0.0,186396492.0
2021-03,North Salt Lake,46592116.0,4.85,1.35,0.0,0.0,0.55,0.25,0.0,0.0,0.0,0.0,0.0,0.0,0.0,-4899108.0
2021-03,Salt Lake City,843017302.0,4.85,1.35,0.0,0.0,0.55,0.25,0.5,0.0,0.0,0.0,0.5,0.0,0.0,816698132.0
2021-03,South Salt Lake,204134805.0,4.85,1.35,0.0,0.0,0.55,0.25,0.0,0.0,0.0,0.0,0.0,0.0,0.0,37038397.0
2021-03,Taylorsville,64391813.0,4.85,1.35,0.0,0.0,0.55,0.25,0.0,0.0,0.0,0.0,0.0,0.0,0.0,25492900.0
2021-03,West Valley City,289083493.0,4.85,1.35,0.0,0.0,0.55,0.25,0.0,0.0,0.0,0.0,-0.5,0.0,0.0,-375956399.0
2021-03,Woods Cross,43422086.0,4.85,1.35,0.0,0.0,0.55,0.25,0.0,0.0,0.0,0.0,0.0,0.0,0.0,-110321146.0
2021-04,Bountiful,55761898.0,4.85,1.35,0.0,0.0,0.55,0.25,0.0,0.0,0.0,0.0,0.0,0.0,0.0,5834293.0
2021-04,Holladay,28744927.0,4.85,1.35,0.0,0.0,0.55,0.25,0.0,0.0,0.0,0.0,0.0,0.0,0.0,-188204274.0
2021-04,Murray,213148828.0,4.85,1.35,0.0,0.0,0.55,0.25,0.0,0.0,0.0,0.0,0.0,0.0,0.0,179324703.0
2021-04,North Salt Lake,41616968.0,4.85,1.35,0.0,0.0,0.55,0.25,0.0,0.0,0.0,0.0,0.0,0.0,0.0,-21642131.0
2021-04,Salt Lake City,783516479.0,4.85,1.35,0.0,0.0,0.55,0.25,0.5,0.0,0.0,0.0,0.5,0.0,0.0,753642137.0
2021-04,South Salt Lake,189846301.0,4.85,1.35,0.0,0.0,0.55,0.25,0.0,0.0,0.0,0.0,0.0,0.0,0.0,-30876541.0
2021-04,Taylorsville,58321849.0,4.85,1.35,0.0,0.0,0.55,0.25,0.0,0.0,0.0,0.0,0.0,0.0,0.0,11729733.0
2021-04,West Valley City,273529752.0,4.85,1.35,0.0,0.0,0.55,0.25,0.0,0.0,0.0,0.0,-0.5,0.0,0.0,-569487550.0
2021-04,Woods Cross,42811872.0,4.85,1.35,0.0,0.0,0.55,0.25,0.0,0.0,0.0,0.0,0.0,0.0,0.0,-161322933.0
2021-05,Bountiful,63711890.0,4.85,1.35,0.0,0.0,0.55,0.25,0.0,0.0,0.0,0.0,0.0,0.0,0.0,-679923.0
2021-05,Holladay,29284140.0,4.85,1.35,0.0,0.0,0.55,0.25,0.0,0.0,0.0,0.0,0.0,0.0,0.0,-259799353.0
2021-05,Murray,218951660.0,4.85,1.35,0.0,0.0,0.55,0.25,0.0,0.0,0.0,0.0,0.0,0.0,0.0,175529574.0
2021-05,North Salt Lake,42078147.0,4.85,1.35,0.0,0.0,0.55,0.25,0.0,0.0,0.0,0.0,0.0,0.0,0.0,-13683751.0
2021-05,Salt Lake City,804598122.0,4.85,1.35,0.0,0.0,0.55,0.25,0.5,0.0,0.0,0.0,0.5,0.0,0.0,775853195.0
2021-05,South Salt Lake,192090093.0,4.85,1.35,0.0,0.0,0.55,0.25,0.0,0.0,0.0,0.0,0.0,0.0,0.0,-21058735.0
2021-05,Taylorsville,57757826.0,4.85,1.35,0.0,0.0,0.55,0.25,0.0,0.0,0.0,0.0,0.0,0.0,0.0,16140858.0
2021-05,West Valley City,276248659.0,4.85,1.35,0.0,0.0,0.55,0.25,0.0,0.0,0.0,0.0,-0.5,0.0,0.0,-507267820.0
2021-05,Woods Cross,44490045.0,4.85,1.35,0.0,0.0,0.55,0.25,0.0,0.0,0.0,0.0,0.0,0.0,0.0,-145356256.0
2021-06,Bountiful,68139581.0,4.85,1.35,0.0,0.0,0.55,0.25,0.0,0.0,0.0,0.0,0.0,0.0,0.0,9817732.0
2021-06,Holladay,34517808.0,4.85,1.35,0.0,0.0,0.55,0.25,0.0,0.0,0.0,0.0,0.0,0.0,0.0,-239011944.0
2021-06,Murray,223284498.0,4.85,1.35,0.0,0.0,0.55,0.25,0.0,0.0,0.0,0.0,0.0,0.0,0.0,180472626.0
2021-06,North Salt Lake,49863339.0,4.85,1.35,0.0,0.0,0.55,0.25,0.0,0.0,0.0,0.0,0.0,0.0,0.0,-13848551.0
2021-06,Salt Lake City,895030958.0,4.85,1.35,0.0,0.0,0.55,0.25,0.5,0.0,0.0,0.0,0.5,0.0,0.0,865746818.0
2021-06,South Salt Lake,229577185.0,4.85,1.35,0.0,0.0,0.55,0.25,0.0,0.0,0.0,0.0,0.0,0.0,0.0,10625525.0
2021-06,Taylorsville,64168157.0,4.85,1.35,0.0,0.0,0.55,0.25,0.0,0.0,0.0,0.0,0.0,0.0,0.0,22090010.0
2021-06,West Valley City,288199775.0,4.85,1.35,0.0,0.0,0.55,0.25,0.0,0.0,0.0,0.0,-0.5,0.0,0.0,-516398347.0
2021-06,Woods Cross,44044016.0,4.85,1.35,0.0,0.0,0.55,0.25,0.0,0.0,0.0,0.0,0.0,0.0,0.0,-148046077.0
2021-07,Bountiful,63865095.0,4.85,1.35,0.0,0.0,0.55,0.25,0.0,0.0,0.0,0.0,0.0,0.0,0.0,6107269.0
2021-07,Holladay,33861463.0,4.85,1.35,0.0,0.0,0.55,0.25,0.0,0.0,0.0,0.0,0.0,0.0,0.0,-242387196.0
2021-07,Murray,222109558.0,4.85,1.35,0.0,0.0,0.55,0.25,0.0,0.0,0.0,0.0,0.0,0.0,0.0,177619513.0
2021-07,North Salt Lake,45303312.0,4.85,1.35,0.0,0.0,0.55,0.25,0.0,0.0,0.0,0.0,0.0,0.0,0.0,-22836269.0
2021-07,Salt Lake City,841746363.0,4.85,1.35,0.0,0.0,0.55,0.25,0.5,0.0,0.0,0.0,0.5,0.0,0.0,807228555.0
2021-07,South Salt Lake,207384194.0,4.85,1.35,0.0,0.0,0.55,0.25,0.0,0.0,0.0,0.0,0.0,0.0,0.0,-15900304.0
2021-07,Taylorsville,62301619.0,4.85,1.35,0.0,0.0,0.55,0.25,0.0,0.0,0.0,0.0,0.0,0.0,0.0,12438280.0
2021-07,West Valley City,282863652.0,4.85,1.35,0.0,0.0,0.55,0.25,0.0,0.0,0.0,0.0,-0.5,0.0,0.0,-612167306.0
2021-07,Woods Cross,46474667.0,4.85,1.35,0.0,0.0,0.55,0.25,0.0,0.0,0.0,0.0,0.0,0.0,0.0,-183102518.0
2021-08,Bountiful,61808318.0,4.85,1.35,0.0,0.0,0.55,0.25,0.0,0.0,0.0,0.0,0.0,0.0,0.0,-2359839.0
2021-08,Holladay,29590935.0,4.85,1.35,0.0,0.0,0.55,0.25,0.0,0.0,0.0,0.0,0.0,0.0,0.0,-258608840.0
2021-08,Murray,227606623.0,4.85,1.35,0.0,0.0,0.55,0.25,0.0,0.0,0.0,0.0,0.0,0.0,0.0,183562607.0
2021-08,North Salt Lake,45085676.0,4.85,1.35,0.0,0.0,0.55,0.25,0.0,0.0,0.0,0.0,0.0,0.0,0.0,-18779419.0
2021-08,Salt Lake City,889194915.0,4.85,1.35,0.0,0.0,0.55,0.25,0.5,0.0,0.0,0.0,0.5,0.0,0.0,855333452.0
2021-08,South Salt Lake,212621001.0,4.85,1.35,0.0,0.0,0.55,0.25,0.0,0.0,0.0,0.0,0.0,0.0,0.0,-9488557.0
2021-08,Taylorsville,60809632.0,4.85,1.35,0.0,0.0,0.55,0.25,0.0,0.0,0.0,0.0,0.0,0.0,0.0,15506320.0
2021-08,West Valley City,284979962.0,4.85,1.35,0.0,0.0,0.55,0.25,0.0,0.0,0.0,0.0,-0.5,0.0,0.0,-556766401.0
2021-08,Woods Cross,37837186.0,4.85,1.35,0.0,0.0,0.55,0.25,0.0,0.0,0.0,0.0,0.0,0.0,0.0,-169547008.0
2021-09,Bountiful,59854278.0,4.85,1.35,0.0,0.0,0.55,0.25,0.0,0.0,0.0,0.0,0.0,0.0,0.0,-2447341.0
2021-09,Holladay,33620609.0,4.85,1.35,0.0,0.0,0.55,0.25,0.0,0.0,0.0,0.0,0.0,0.0,0.0,-249243043.0
2021-09,Murray,212989563.0,4.85,1.35,0.0,0.0,0.55,0.25,0.0,0.0,0.0,0.0,0.0,0.0,0.0,166514896.0
2021-09,North Salt Lake,44797386.0,4.85,1.35,0.0,0.0,0.55,0.25,0.0,0.0,0.0,0.0,0.0,0.0,0.0,-17010932.0
2021-09,Salt Lake City,864640161.0,4.85,1.35,0.0,0.0,0.55,0.25,0.5,0.0,0.0,0.0,0.5,0.0,0.0,835049226.0
2021-09,South Salt Lake,223279734.0,4.85,1.35,0.0,0.0,0.55,0.25,0.0,0.0,0.0,0.0,0.0,0.0,0.0,-4326889.0
2021-09,Taylorsville,61879217.0,4.85,1.35,0.0,0.0,0.55,0.25,0.0,0.0,0.0,0.0,0.0,0.0,0.0,16793541.0
2021-09,West Valley City,283051686.0,4.85,1.35,0.0,0.0,0.55,0.25,0.0,0.0,0.0,0.0,-0.5,0.0,0.0,-606143229.0
2021-09,Woods Cross,41144408.0,4.85,1.35,0.0,0.0,0.55,0.25,0.0,0.0,0.0,0.0,0.0,0.0,0.0,-171476593.0
2021-10,Bountiful,61617253.0,4.85,1.35,0.0,0.0,0.55,0.25,0.0,0.0,0.0,0.0,0.0,0.0,0.0,807621.0
2021-10,Holladay,31363784.0,4.85,1.35,0.0,0.0,0.55,0.25,0.0,0.0,0.0,0.0,0.0,0.0,0.0,-253616178.0
2021-10,Murray,211881030.0,4.85,1.35,0.0,0.0,0.55,0.25,0.0,0.0,0.0,0.0,0.0,0.0,0.0,174043844.0
2021-10,North Salt Lake,49164451.0,4.85,1.35,0.0,0.0,0.55,0.25,0.0,0.0,0.0,0.0,0.0,0.0,0.0,-10689827.0
2021-10,Salt Lake City,858320658.0,4.85,1.35,0.0,0.0,0.55,0.25,0.5,0.0,0.0,0.0,0.5,0.0,0.0,824700049.0
2021-10,South Salt Lake,208302012.0,4.85,1.35,0.0,0.0,0.55,0.25,0.0,0.0,0.0,0.0,0.0,0.0,0.0,-4687551.0
2021-10,Taylorsville,62048212.0,4.85,1.35,0.0,0.0,0.55,0.25,0.0,0.0,0.0,0.0,0.0,0.0,0.0,17250826.0
2021-10,West Valley City,277846221.0,4.85,1.35,0.0,0.0,0.55,0.25,0.0,0.0,0.0,0.0,-0.5,0.0,0.0,-586793940.0
2021-10,Woods Cross,43217721.0,4.85,1.35,0.0,0.0,0.55,0.25,0.0,0.0,0.0,0.0,0.0,0.0,0.0,-180062013.0
2021-11,Bountiful,62189602.0,4.85,1.35,0.0,0.0,0.55,0.25,0.0,0.0,0.0,0.0,0.0,0.0,0.0,310385.0
2021-11,Holladay,34057865.0,4.85,1.35,0.0,0.0,0.55,0.25,0.0,0.0,0.0,0.0,0.0,0.0,0.0,-248993821.0
2021-11,Murray,220895315.0,4.85,1.35,0.0,0.0,0.55,0.25,0.0,0.0,0.0,0.0,0.0,0.0,0.0,179750907.0
2021-11,North Salt Lake,50688014.0,4.85,1.35,0.0,0.0,0.55,0.25,0.0,0.0,0.0,0.0,0.0,0.0,0.0,-10929239.0
2021-11,Salt Lake City,847532713.0,4.85,1.35,0.0,0.0,0.55,0.25,0.5,0.0,0.0,0.0,0.5,0.0,0.0,816168929.0
2021-11,South Salt Lake,214978104.0,4.85,1.35,0.0,0.0,0.55,0.25,0.0,0.0,0.0,0.0,0.0,0.0,0.0,3097074.0
2021-11,Taylorsville,62483103.0,4.85,1.35,0.0,0.0,0.55,0.25,0.0,0.0,0.0,0.0,0.0,0.0,0.0,13318652.0
2021-11,West Valley City,294384999.0,4.85,1.35,0.0,0.0,0.55,0.25,0.0,0.0,0.0,0.0,-0.5,0.0,0.0,-563935659.0
2021-11,Woods Cross,44358624.0,4.85,1.35,0.0,0.0,0.55,0.25,0.0,0.0,0.0,0.0,0.0,0.0,0.0,-163943388.0
2021-12,Bountiful,78162883.0,4.85,1.35,0.0,0.0,0.55,0.25,0.0,0.0,0.0,0.0,0.0,0.0,0.0,16114671.0
2021-12,Holladay,40932492.0,4.85,1.35,0.0,0.0,0.55,0.25,0.0,0.0,0.0,0.0,0.0,0.0,0.0,-236913729.0
2021-12,Murray,262997397.0,4.85,1.35,0.0,0.0,0.55,0.25,0.0,0.0,0.0,0.0,0.0,0.0,0.0,219779676.0
2021-12,North Salt Lake,48726347.0,4.85,1.35,0.0,0.0,0.55,0.25,0.0,0.0,0.0,0.0,0.0,0.0,0.0,-13463255.0
2021-12,Salt Lake City,1024622532.0,4.85,1.35,0.0,0.0,0.55,0.25,0.5,0.0,0.0,0.0,0.5,0.0,0.0,990564667.0
2021-12,South Salt Lake,214383119.0,4.85,1.35,0.0,0.0,0.55,0.25,0.0,0.0,0.0,0.0,0.0,0.0,0.0,-6512196.0
2021-12,Taylorsville,74948300.0,4.85,1.35,0.0,0.0,0.55,0.25,0.0,0.0,0.0,0.0,0.0,0.0,0.0,24260286.0
2021-12,West Valley City,345187611.0,4.85,1.35,0.0,0.0,0.55,0.25,0.0,0.0,0.0,0.0,-0.5,0.0,0.0,-502345102.0
2021-12,Woods Cross,49520115.0,4.85,1.35,0.0,0.0,0.55,0.25,0.0,0.0,0.0,0.0,0.0,0.0,0.0,-165457989.0
2022-01,Bountiful,59211942.0,4.85,1.35,0.0,0.0,0.55,0.25,0.0,0.0,0.0,0.0,0.0,0.0,0.0,-3271161.0
2022-01,Holladay,31936097.0,4.85,1.35,0.0,0.0,0.55,0.25,0.0,0.0,0.0,0.0,0.0,0.0,0.0,-262448902.0
2022-01,Murray,202861861.0,4.85,1.35,0.0,0.0,0.55,0.25,0.0,0.0,0.0,0.0,0.0,0.0,0.0,158503237.0
2022-01,North Salt Lake,46374112.0,4.85,1.35,0.0,0.0,0.55,0.25,0.0,0.0,0.0,0.0,0.0,0.0,0.0,-31788771.0
2022-01,Salt Lake City,846573868.0,4.85,1.35,0.0,0.0,0.55,0.25,0.5,0.0,0.0,0.0,0.5,0.0,0.0,805641376.0
2022-01,South Salt Lake,192969853.0,4.85,1.35,0.0,0.0,0.55,0.25,0.0,0.0,0.0,0.0,0.0,0.0,0.0,-70027544.0
2022-01,Taylorsville,59500819.0,4.85,1.35,0.0,0.0,0.55,0.25,0.0,0.0,0.0,0.0,0.0,0.0,0.0,10774472.0
2022-01,West Valley City,262588951.0,4.85,1.35,0.0,0.0,0.55,0.25,0.0,0.0,0.0,0.0,-0.5,0.0,0.0,-762033581.0
2022-01,Woods Cross,41606809.0,4.85,1.35,0.0,0.0,0.55,0.25,0.0,0.0,0.0,0.0,0.0,0.0,0.0,-172776310.0
2022-02,Bountiful,59287475.0,4.85,1.35,0.0,0.0,0.55,0.25,0.0,0.0,0.0,0.0,0.0,0.0,0.0,-15660825.0
2022-02,Holladay,34003209.0,4.85,1.35,0.0,0.0,0.55,0.25,0.0,0.0,0.0,0.0,0.0,0.0,0.0,-311184402.0
2022-02,Murray,204562588.0,4.85,1.35,0.0,0.0,0.55,0.25,0.0,0.0,0.0,0.0,0.0,0.0,0.0,155042473.0
2022-02,North Salt Lake,43454006.0,4.85,1.35,0.0,0.0,0.55,0.25,0.0,0.0,0.0,0.0,0.0,0.0,0.0,-15757936.0
2022-02,Salt Lake City,871169195.0,4.85,1.35,0.0,0.0,0.55,0.25,0.5,0.0,0.0,0.0,0.5,0.0,0.0,839233098.0
2022-02,South Salt Lake,184500255.0,4.85,1.35,0.0,0.0,0.55,0.25,0.0,0.0,0.0,0.0,0.0,0.0,0.0,-18361606.0
2022-02,Taylorsville,61965829.0,4.85,1.35,0.0,0.0,0.55,0.25,0.0,0.0,0.0,0.0,0.0,0.0,0.0,15591717.0
2022-02,West Valley City,263676815.0,4.85,1.35,0.0,0.0,0.55,0.25,0.0,0.0,0.0,0.0,-0.5,0.0,0.0,-582897053.0
2022-02,Woods Cross,44988613.0,4.85,1.35,0.0,0.0,0.55,0.25,0.0,0.0,0.0,0.0,0.0,0.0,0.0,-147981240.0
2022-03,Bountiful,66403876.0,4.85,1.35,0.0,0.0,0.55,0.25,0.0,0.0,0.0,0.0,0.0,0.0,0.0,6903057.0
2022-03,Holladay,35453360.0,4.85,1.35,0.0,0.0,0.55,0.25,0.0,0.0,0.0,0.0,0.0,0.0,0.0,-227135591.0
2022-03,Murray,244320102.0,4.85,1.35,0.0,0.0,0.55,0.25,0.0,0.0,0.0,0.0,0.0,0.0,0.0,202713293.0
2022-03,North Salt Lake,52950992.0,4.85,1.35,0.0,0.0,0.55,0.25,0.0,0.0,0.0,0.0,0.0,0.0,0.0,-6336483.0
2022-03,Salt Lake City,1023445325.0,4.85,1.35,0.0,0.0,0.55,0.25,0.5,0.0,0.0,0.0,0.5,0.0,0.0,989442116.0
2022-03,South Salt Lake,243474706.0,4.85,1.35,0.0,0.0,0.55,0.25,0.0,0.0,0.0,0.0,0.0,0.0,0.0,38912118.0
2022-03,Taylorsville,67158087.0,4.85,1.35,0.0,0.0,0.55,0.25,0.0,0.0,0.0,0.0,0.0,0.0,0.0,23704081.0
2022-03,West Valley City,312712342.0,4.85,1.35,0.0,0.0,0.55,0.25,0.0,0.0,0.0,0.0,-0.5,0.0,0.0,-558456853.0
2022-03,Woods Cross,50644597.0,4.85,1.35,0.0,0.0,0.55,0.25,0.0,0.0,0.0,0.0,0.0,0.0,0.0,-133855658.0
2022-04,Bountiful,59369683.0,4.85,1.35,0.0,0.0,0.55,0.25,0.0,0.0,0.0,0.0,0.0,0.0,0.0,-2596146.0
2022-04,Holladay,33603192.0,4.85,1.35,0.0,0.0,0.55,0.25,0.0,0.0,0.0,0.0,0.0,0.0,0.0,-230073623.0
2022-04,Murray,231757418.0,4.85,1.35,0.0,0.0,0.55,0.25,0.0,0.0,0.0,0.0,0.0,0.0,0.0,186768805.0
2022-04,North Salt Lake,47566103.0,4.85,1.35,0.0,0.0,0.55,0.25,0.0,0.0,0.0,0.0,0.0,0.0,0.0,-18837773.0
2022-04,Salt Lake City,929231044.0,4.85,1.35,0.0,0.0,0.55,0.25,0.5,0.0,0.0,0.0,0.5,0.0,0.0,893777684.0
2022-04,South Salt Lake,215608285.0,4.85,1.35,0.0,0.0,0.55,0.25,0.0,0.0,0.0,0.0,0.0,0.0,0.0,-28711817.0
2022-04,Taylorsville,62768802.0,4.85,1.35,0.0,0.0,0.55,0.25,0.0,0.0,0.0,0.0,0.0,0.0,0.0,9817810.0
2022-04,West Valley City,306228459.0,4.85,1.35,0.0,0.0,0.55,0.25,0.0,0.0,0.0,0.0,-0.5,0.0,0.0,-717216866.0
2022-04,Woods Cross,43302652.0,4.85,1.35,0.0,0.0,0.55,0.25,0.0,0.0,0.0,0.0,0.0,0.0,0.0,-200172054.0
2022-05,Bountiful,61926165.0,4.85,1.35,0.0,0.0,0.55,0.25,0.0,0.0,0.0,0.0,0.0,0.0,0.0,-5231922.0
2022-05,Holladay,35799472.0,4.85,1.35,0.0,0.0,0.55,0.25,0.0,0.0,0.0,0.0,0.0,0.0,0.0,-276912870.0
2022-05,Murray,234523549.0,4.85,1.35,0.0,0.0,0.55,0.25,0.0,0.0,0.0,0.0,0.0,0.0,0.0,183878952.0
2022-05,North Salt Lake,43868405.0,4.85,1.35,0.0,0.0,0.55,0.25,0.0,0.0,0.0,0.0,0.0,0.0,0.0,-15501278.0
2022-05,Salt Lake City,928781750.0,4.85,1.35,0.0,0.0,0.55,0.25,0.5,0.0,0.0,0.0,0.5,0.0,0.0,895178558.0
2022-05,South Salt Lake,230467193.0,4.85,1.35,0.0,0.0,0.55,0.25,0.0,0.0,0.0,0.0,0.0,0.0,0.0,-1290225.0
2022-05,Taylorsville,63946711.0,4.85,1.35,0.0,0.0,0.55,0.25,0.0,0.0,0.0,0.0,0.0,0.0,0.0,16380608.0
2022-05,West Valley City,300320296.0,4.85,1.35,0.0,0.0,0.55,0.25,0.0,0.0,0.0,0.0,-0.5,0.0,0.0,-628910748.0
2022-05,Woods Cross,45439931.0,4.85,1.35,0.0,0.0,0.55,0.25,0.0,0.0,0.0,0.0,0.0,0.0,0.0,-170168354.0
2022-06,Bountiful,64313565.0,4.85,1.35,0.0,0.0,0.55,0.25,0.0,0.0,0.0,0.0,0.0,0.0,0.0,1544763.0
2022-06,Holladay,39700982.0,4.85,1.35,0.0,0.0,0.55,0.25,0.0,0.0,0.0,0.0,0.0,0.0,0.0,-266527477.0
2022-06,Murray,243376697.0,4.85,1.35,0.0,0.0,0.55,0.25,0.0,0.0,0.0,0.0,0.0,0.0,0.0,200074045.0
2022-06,North Salt Lake,65866028.0,4.85,1.35,0.0,0.0,0.55,0.25,0.0,0.0,0.0,0.0,0.0,0.0,0.0,3939863.0
2022-06,Salt Lake City,1027455783.0,4.85,1.35,0.0,0.0,0.55,0.25,0.5,0.0,0.0,0.0,0.5,0.0,0.0,991656311.0
2022-06,South Salt Lake,268864736.0,4.85,1.35,0.0,0.0,0.55,0.25,0.0,0.0,0.0,0.0,0.0,0.0,0.0,34341187.0
2022-06,Taylorsville,68727804.0,4.85,1.35,0.0,0.0,0.55,0.25,0.0,0.0,0.0,0.0,0.0,0.0,0.0,24859399.0
2022-06,West Valley City,326365644.0,4.85,1.35,0.0,0.0,0.55,0.25,0.0,0.0,0.0,0.0,-0.5,0.0,0.0,-602416106.0
2022-06,Woods Cross,49285426.0,4.85,1.35,0.0,0.0,0.55,0.25,0.0,0.0,0.0,0.0,0.0,0.0,0.0,-181181767.0
2022-07,Bountiful,63232282.0,4.85,1.35,0.0,0.0,0.55,0.25,0.0,0.0,0.0,0.0,0.0,0.0,0.0,-714429.0
2022-07,Holladay,35327857.0,4.85,1.35,0.0,0.0,0.55,0.25,0.0,0.0,0.0,0.0,0.0,0.0,0.0,-264992439.0
2022-07,Murray,232852029.0,4.85,1.35,0.0,0.0,0.55,0.25,0.0,0.0,0.0,0.0,0.0,0.0,0.0,187412098.0
2022-07,North Salt Lake,54895844.0,4.85,1.35,0.0,0.0,0.55,0.25,0.0,0.0,0.0,0.0,0.0,0.0,0.0,-9417721.0
2022-07,Salt Lake City,900693717.0,4.85,1.35,0.0,0.0,0.55,0.25,0.5,0.0,0.0,0.0,0.5,0.0,0.0,860992735.0
2022-07,South Salt Lake,220165471.0,4.85,1.35,0.0,0.0,0.55,0.25,0.0,0.0,0.0,0.0,0.0,0.0,0.0,-23211226.0
2022-07,Taylorsville,66926749.0,4.85,1.35,0.0,0.0,0.55,0.25,0.0,0.0,0.0,0.0,0.0,0.0,0.0,1060721.0
2022-07,West Valley City,315077473.0,4.85,1.35,0.0,0.0,0.55,0.25,0.0,0.0,0.0,0.0,-0.5,0.0,0.0,-712378310.0
2022-07,Woods Cross,49554467.0,4.85,1.35,0.0,0.0,0.55,0.25,0.0,0.0,0.0,0.0,0.0,0.0,0.0,-219310269.0
2022-08,Bountiful,63077604.0,4.85,1.35,0.0,0.0,0.55,0.25,0.0,0.0,0.0,0.0,0.0,0.0,0.0,-5650200.0
2022-08,Holladay,35137848.0,4.85,1.35,0.0,0.0,0.55,0.25,0.0,0.0,0.0,0.0,0.0,0.0,0.0,-291227796.0
2022-08,Murray,252794605.0,4.85,1.35,0.0,0.0,0.55,0.25,0.0,0.0,0.0,0.0,0.0,0.0,0.0,203509179.0
2022-08,North Salt Lake,56475572.0,4.85,1.35,0.0,0.0,0.55,0.25,0.0,0.0,0.0,0.0,0.0,0.0,0.0,-6756710.0
2022-08,Salt Lake City,999398922.0,4.85,1.35,0.0,0.0,0.55,0.25,0.5,0.0,0.0,0.0,0.5,0.0,0.0,964071065.0
2022-08,South Salt Lake,261144992.0,4.85,1.35,0.0,0.0,0.55,0.25,0.0,0.0,0.0,0.0,0.0,0.0,0.0,28292963.0
2022-08,Taylorsville,65935408.0,4.85,1.35,0.0,0.0,0.55,0.25,0.0,0.0,0.0,0.0,0.0,0.0,0.0,11039564.0
2022-08,West Valley City,328252216.0,4.85,1.35,0.0,0.0,0.55,0.25,0.0,0.0,0.0,0.0,-0.5,0.0,0.0,-572441501.0
2022-08,Woods Cross,52863719.0,4.85,1.35,0.0,0.0,0.55,0.25,0.0,0.0,0.0,0.0,0.0,0.0,0.0,-167301752.0
2022-09,Bountiful,62428854.0,4.85,1.35,0.0,0.0,0.55,0.25,0.0,0.0,0.0,0.0,0.0,0.0,0.0,-4497895.0
2022-09,Holladay,37309079.0,4.85,1.35,0.0,0.0,0.55,0.25,0.0,0.0,0.0,0.0,0.0,0.0,0.0,-277768394.0
2022-09,Murray,241177753.0,4.85,1.35,0.0,0.0,0.55,0.25,0.0,0.0,0.0,0.0,0.0,0.0,0.0,191623286.0
2022-09,North Salt Lake,47319716.0,4.85,1.35,0.0,0.0,0.55,0.25,0.0,0.0,0.0,0.0,0.0,0.0,0.0,-15757888.0
2022-09,Salt Lake City,1001204557.0,4.85,1.35,0.0,0.0,0.55,0.25,0.5,0.0,0.0,0.0,0.5,0.0,0.0,966066709.0
2022-09,South Salt Lake,242990235.0,4.85,1.35,0.0,0.0,0.55,0.25,0.0,0.0,0.0,0.0,0.0,0.0,0.0,-9804370.0
2022-09,Taylorsville,66930883.0,4.85,1.35,0.0,0.0,0.55,0.25,0.0,0.0,0.0,0.0,0.0,0.0,0.0,10455311.0
2022-09,West Valley City,330273437.0,4.85,1.35,0.0,0.0,0.55,0.25,0.0,0.0,0.0,0.0,-0.5,0.0,0.0,-669125485.0
2022-09,Woods Cross,46383420.0,4.85,1.35,0.0,0.0,0.55,0.25,0.0,0.0,0.0,0.0,0.0,0.0,0.0,-214761572.0
2022-10,Bountiful,58667027.0,4.85,1.35,0.0,0.0,0.55,0.25,0.0,0.0,0.0,0.0,0.0,0.0,0.0,-7268381.0
2022-10,Holladay,34777677.0,4.85,1.35,0.0,0.0,0.55,0.25,0.0,0.0,0.0,0.0,0.0,0.0,0.0,-293474539.0
2022-10,Murray,227804020.0,4.85,1.35,0.0,0.0,0.55,0.25,0.0,0.0,0.0,0.0,0.0,0.0,0.0,174940301.0
2022-10,North Salt Lake,52692230.0,4.85,1.35,0.0,0.0,0.55,0.25,0.0,0.0,0.0,0.0,0.0,0.0,0.0,-9736624.0
2022-10,Salt Lake City,940770770.0,4.85,1.35,0.0,0.0,0.55,0.25,0.5,0.0,0.0,0.0,0.5,0.0,0.0,903461691.0
2022-10,South Salt Lake,224275192.0,4.85,1.35,0.0,0.0,0.55,0.25,0.0,0.0,0.0,0.0,0.0,0.0,0.0,-16902561.0
2022-10,Taylorsville,63939630.0,4.85,1.35,0.0,0.0,0.55,0.25,0.0,0.0,0.0,0.0,0.0,0.0,0.0,16619914.0
2022-10,West Valley City,305500381.0,4.85,1.35,0.0,0.0,0.55,0.25,0.0,0.0,0.0,0.0,-0.5,0.0,0.0,-695704176.0
2022-10,Woods Cross,45483008.0,4.85,1.35,0.0,0.0,0.55,0.25,0.0,0.0,0.0,0.0,0.0,0.0,0.0,-197507227.0
2022-11,Bountiful,61439270.0,4.85,1.35,0.0,0.0,0.55,0.25,0.0,0.0,0.0,0.0,0.0,0.0,0.0,-5491613.0
2022-11,Holladay,34661772.0,4.85,1.35,0.0,0.0,0.55,0.25,0.0,0.0,0.0,0.0,0.0,0.0,0.0,-295611665.0
2022-11,Murray,222307268.0,4.85,1.35,0.0,0.0,0.55,0.25,0.0,0.0,0.0,0.0,0.0,0.0,0.0,175923848.0
2022-11,North Salt Lake,51973260.0,4.85,1.35,0.0,0.0,0.55,0.25,0.0,0.0,0.0,0.0,0.0,0.0,0.0,-6693767.0
2022-11,Salt Lake City,914813057.0,4.85,1.35,0.0,0.0,0.55,0.25,0.5,0.0,0.0,0.0,0.5,0.0,0.0,880035380.0
2022-11,South Salt Lake,226930240.0,4.85,1.35,0.0,0.0,0.55,0.25,0.0,0.0,0.0,0.0,0.0,0.0,0.0,-873780.0
2022-11,Taylorsville,67118231.0,4.85,1.35,0.0,0.0,0.55,0.25,0.0,0.0,0.0,0.0,0.0,0.0,0.0,14426001.0
2022-11,West Valley City,312212995.0,4.85,1.35,0.0,0.0,0.55,0.25,0.0,0.0,0.0,0.0,-0.5,0.0,0.0,-628557775.0
2022-11,Woods Cross,43324093.0,4.85,1.35,0.0,0.0,0.55,0.25,0.0,0.0,0.0,0.0,0.0,0.0,0.0,-180951099.0
2022-12,Bountiful,81343086.0,4.85,1.35,0.0,0.0,0.55,0.25,0.0,0.0,0.0,0.0,0.0,0.0,0.0,17403456.0
2022-12,Holladay,43545572.0,4.85,1.35,0.0,0.0,0.55,0.25,0.0,0.0,0.0,0.0,0.0,0.0,0.0,-261954809.0
2022-12,Murray,273825377.0,4.85,1.35,0.0,0.0,0.55,0.25,0.0,0.0,0.0,0.0,0.0,0.0,0.0,228342369.0
2022-12,North Salt Lake,54303862.0,4.85,1.35,0.0,0.0,0.55,0.25,0.0,0.0,0.0,0.0,0.0,0.0,0.0,-7135408.0
2022-12,Salt Lake City,1056396375.0,4.85,1.35,0.0,0.0,0.55,0.25,0.5,0.0,0.0,0.0,0.5,0.0,0.0,1021734603.0
2022-12,South Salt Lake,227798775.0,4.85,1.35,0.0,0.0,0.55,0.25,0.0,0.0,0.0,0.0,0.0,0.0,0.0,5491507.0
2022-12,Taylorsville,85945169.0,4.85,1.35,0.0,0.0,0.55,0.25,0.0,0.0,0.0,0.0,0.0,0.0,0.0,33971909.0
2022-12,West Valley City,355773471.0,4.85,1.35,0.0,0.0,0.55,0.25,0.0,0.0,0.0,0.0,-0.5,0.0,0.0,-559039586.0
2022-12,Woods Cross,51242909.0,4.85,1.35,0.0,0.0,0.55,0.25,0.0,0.0,0.0,0.0,0.0,0.0,0.0,-175687331.0
2023-01,Bountiful,61980203.0,4.85,1.35,0.0,0.0,0.55,0.25,0.0,0.0,0.0,0.0,0.0,0.0,0.0,-5138028.0
2023-01,Holladay,35074431.0,4.85,1.35,0.0,0.0,0.55,0.25,0.0,0.0,0.0,0.0,0.0,0.0,0.0,-277138564.0
2023-01,Murray,211293217.0,4.85,1.35,0.0,0.0,0.55,0.25,0.0,0.0,0.0,0.0,0.0,0.0,0.0,167969124.0
2023-01,North Salt Lake,52180803.0,4.85,1.35,0.0,0.0,0.55,0.25,0.0,0.0,0.0,0.0,0.0,0.0,0.0,-29162283.0
2023-01,Salt Lake City,902930116.0,4.85,1.35,0.0,0.0,0.55,0.25,0.5,0.0,0.0,0.0,0.5,0.0,0.0,859384544.0
2023-01,South Salt Lake,192835019.0,4.85,1.35,0.0,0.0,0.55,0.25,0.0,0.0,0.0,0.0,0.0,0.0,0.0,-80990358.0
2023-01,Taylorsville,64633093.0,4.85,1.35,0.0,0.0,0.55,0.25,0.0,0.0,0.0,0.0,0.0,0.0,0.0,10329231.0
2023-01,West Valley City,285256834.0,4.85,1.35,0.0,0.0,0.55,0.25,0.0,0.0,0.0,0.0,-0.5,0.0,0.0,-771139541.0
2023-01,Woods Cross,41203132.0,4.85,1.35,0.0,0.0,0.55,0.25,0.0,0.0,0.0,0.0,0.0,0.0,0.0,-186595643.0
2023-02,Bountiful,54352996.0,4.85,1.35,0.0,0.0,0.55,0.25,0.0,0.0,0.0,0.0,0.0,0.0,0.0,-31592173.0
2023-02,Holladay,36452685.0,4.85,1.35,0.0,0.0,0.55,0.25,0.0,0.0,0.0,0.0,0.0,0.0,0.0,-319320786.0
2023-02,Murray,199200536.0,4.85,1.35,0.0,0.0,0.55,0.25,0.0,0.0,0.0,0.0,0.0,0.0,0.0,147957627.0
2023-02,North Salt Lake,46477053.0,4.85,1.35,0.0,0.0,0.55,0.25,0.0,0.0,0.0,0.0,0.0,0.0,0.0,-15503150.0
2023-02,Salt Lake City,877985801.0,4.85,1.35,0.0,0.0,0.55,0.25,0.5,0.0,0.0,0.0,0.5,0.0,0.0,842911370.0
2023-02,South Salt Lake,188619925.0,4.85,1.35,0.0,0.0,0.55,0.25,0.0,0.0,0.0,0.0,0.0,0.0,0.0,-22673292.0
2023-02,Taylorsville,62022756.0,4.85,1.35,0.0,0.0,0.55,0.25,0.0,0.0,0.0,0.0,0.0,0.0,0.0,9841953.0
2023-02,West Valley City,271506489.0,4.85,1.35,0.0,0.0,0.55,0.25,0.0,0.0,0.0,0.0,-0.5,0.0,0.0,-631423627.0
2023-02,Woods Cross,44081855.0,4.85,1.35,0.0,0.0,0.55,0.25,0.0,0.0,0.0,0.0,0.0,0.0,0.0,-148753164.0
2023-03,Bountiful,63957665.0,4.85,1.35,0.0,0.0,0.55,0.25,0.0,0.0,0.0,0.0,0.0,0.0,0.0,-675428.0
2023-03,Holladay,35665244.0,4.85,1.35,0.0,0.0,0.55,0.25,0.0,0.0,0.0,0.0,0.0,0.0,0.0,-249591590.0
2023-03,Murray,230954849.0,4.85,1.35,0.0,0.0,0.55,0.25,0.0,0.0,0.0,0.0,0.0,0.0,0.0,189751717.0
2023-03,North Salt Lake,55895996.0,4.85,1.35,0.0,0.0,0.55,0.25,0.0,0.0,0.0,0.0,0.0,0.0,0.0,1543000.0
2023-03,Salt Lake City,923830042.0,4.85,1.35,0.0,0.0,0.55,0.25,0.5,0.0,0.0,0.0,0.5,0.0,0.0,887377357.0
2023-03,South Salt Lake,224695016.0,4.85,1.35,0.0,0.0,0.55,0.25,0.0,0.0,0.0,0.0,0.0,0.0,0.0,25494480.0
2023-03,Taylorsville,69230027.0,4.85,1.35,0.0,0.0,0.55,0.25,0.0,0.0,0.0,0.0,0.0,0.0,0.0,22752974.0
2023-03,West Valley City,299343727.0,4.85,1.35,0.0,0.0,0.55,0.25,0.0,0.0,0.0,0.0,-0.5,0.0,0.0,-578642074.0
2023-03,Woods Cross,49114093.0,4.85,1.35,0.0,0.0,0.55,0.25,0.0,0.0,0.0,0.0,0.0,0.0,0.0,-139505832.0
2023-04,Bountiful,42196719.0,4.85,1.35,0.0,0.0,0.55,0.25,0.0,0.0,0.0,0.0,0.0,0.0,0.0,-19826037.0
2023-04,Holladay,36373769.0,4.85,1.35,0.0,0.0,0.55,0.25,0.0,0.0,0.0,0.0,0.0,0.0,0.0,-235132720.0
2023-04,Murray,215958956.0,4.85,1.35,0.0,0.0,0.55,0.25,0.0,0.0,0.0,0.0,0.0,0.0,0.0,171877101.0
2023-04,North Salt Lake,49563284.0,4.85,1.35,0.0,0.0,0.55,0.25,0.0,0.0,0.0,0.0,0.0,0.0,0.0,-14394381.0
2023-04,Salt Lake City,877607806.0,4.85,1.35,0.0,0.0,0.55,0.25,0.5,0.0,0.0,0.0,0.5,0.0,0.0,841942562.0
2023-04,South Salt Lake,193669321.0,4.85,1.35,0.0,0.0,0.55,0.25,0.0,0.0,0.0,0.0,0.0,0.0,0.0,-37285528.0
2023-04,Taylorsville,69229919.0,4.85,1.35,0.0,0.0,0.55,0.25,0.0,0.0,0.0,0.0,0.0,0.0,0.0,13333923.0
2023-04,West Valley City,301118567.0,4.85,1.35,0.0,0.0,0.55,0.25,0.0,0.0,0.0,0.0,-0.5,0.0,0.0,-622711475.0
2023-04,Woods Cross,46470602.0,4.85,1.35,0.0,0.0,0.55,0.25,0.0,0.0,0.0,0.0,0.0,0.0,0.0,-178224414.0
2023-05,Bountiful,90027059.0,4.85,1.35,0.0,0.0,0.55,0.25,0.0,0.0,0.0,0.0,0.0,0.0,0.0,20797032.0
2023-05,Holladay,35614194.0,4.85,1.35,0.0,0.0,0.55,0.25,0.0,0.0,0.0,0.0,0.0,0.0,0.0,-263729533.0
2023-05,Murray,235444572.0,4.85,1.35,0.0,0.0,0.55,0.25,0.0,0.0,0.0,0.0,0.0,0.0,0.0,186330479.0
2023-05,North Salt Lake,57314342.0,4.85,1.35,0.0,0.0,0.55,0.25,0.0,0.0,0.0,0.0,0.0,0.0,0.0,15117623.0
2023-05,Salt Lake City,929179720.0,4.85,1.35,0.0,0.0,0.55,0.25,0.5,0.0,0.0,0.0,0.5,0.0,0.0,892805951.0
2023-05,South Salt Lake,227422199.0,4.85,1.35,0.0,0.0,0.55,0.25,0.0,0.0,0.0,0.0,0.0,0.0,0.0,11463243.0
2023-05,Taylorsville,69220033.0,4.85,1.35,0.0,0.0,0.55,0.25,0.0,0.0,0.0,0.0,0.0,0.0,0.0,19656749.0
2023-05,West Valley City,325464025.0,4.85,1.35,0.0,0.0,0.55,0.25,0.0,0.0,0.0,0.0,-0.5,0.0,0.0,-552143781.0
2023-05,Woods Cross,49888260.0,4.85,1.35,0.0,0.0,0.55,0.25,0.0,0.0,0.0,0.0,0.0,0.0,0.0,-143781061.0
2023-06,Bountiful,67722021.0,4.85,1.35,0.0,0.0,0.55,0.25,0.0,0.0,0.0,0.0,0.0,0.0,0.0,-1507898.0
2023-06,Holladay,37409711.0,4.85,1.35,0.0,0.0,0.55,0.25,0.0,0.0,0.0,0.0,0.0,0.0,0.0,-263708856.0
2023-06,Murray,240271007.0,4.85,1.35,0.0,0.0,0.55,0.25,0.0,0.0,0.0,0.0,0.0,0.0,0.0,193800405.0
2023-06,North Salt Lake,61647204.0,4.85,1.35,0.0,0.0,0.55,0.25,0.0,0.0,0.0,0.0,0.0,0.0,0.0,-28379855.0
2023-06,Salt Lake City,988196293.0,4.85,1.35,0.0,0.0,0.55,0.25,0.5,0.0,0.0,0.0,0.5,0.0,0.0,952582099.0
2023-06,South Salt Lake,227798422.0,4.85,1.35,0.0,0.0,0.55,0.25,0.0,0.0,0.0,0.0,0.0,0.0,0.0,-7646150.0
2023-06,Taylorsville,71029030.0,4.85,1.35,0.0,0.0,0.55,0.25,0.0,0.0,0.0,0.0,0.0,0.0,0.0,13714688.0
2023-06,West Valley City,331730499.0,4.85,1.35,0.0,0.0,0.55,0.25,0.0,0.0,0.0,0.0,-0.5,0.0,0.0,-597449221.0
2023-06,Woods Cross,55793669.0,4.85,1.35,0.0,0.0,0.55,0.25,0.0,0.0,0.0,0.0,0.0,0.0,0.0,-171628530.0
2023-07,Bountiful,62393505.0,4.85,1.35,0.0,0.0,0.55,0.25,0.0,0.0,0.0,0.0,0.0,0.0,0.0,-6826528.0
2023-07,Holladay,38933775.0,4.85,1.35,0.0,0.0,0.55,0.25,0.0,0.0,0.0,0.0,0.0,0.0,0.0,-286530250.0
2023-07,Murray,231362875.0,4.85,1.35,0.0,0.0,0.55,0.25,0.0,0.0,0.0,0.0,0.0,0.0,0.0,181474615.0
2023-07,North Salt Lake,54966605.0,4.85,1.35,0.0,0.0,0.55,0.25,0.0,0.0,0.0,0.0,0.0,0.0,0.0,-12755416.0
2023-07,Salt Lake City,924617750.0,4.85,1.35,0.0,0.0,0.55,0.25,0.5,0.0,0.0,0.0,0.5,0.0,0.0,887208039.0
2023-07,South Salt Lake,203409389.0,4.85,1.35,0.0,0.0,0.55,0.25,0.0,0.0,0.0,0.0,0.0,0.0,0.0,-36861618.0
2023-07,Taylorsville,68912779.0,4.85,1.35,0.0,0.0,0.55,0.25,0.0,0.0,0.0,0.0,0.0,0.0,0.0,7265575.0
2023-07,West Valley City,326606491.0,4.85,1.35,0.0,0.0,0.55,0.25,0.0,0.0,0.0,0.0,-0.5,0.0,0.0,-661589802.0
2023-07,Woods Cross,52859567.0,4.85,1.35,0.0,0.0,0.55,0.25,0.0,0.0,0.0,0.0,0.0,0.0,0.0,-174938855.0
2023-08,Bountiful,69515476.0,4.85,1.35,0.0,0.0,0.55,0.25,0.0,0.0,0.0,0.0,0.0,0.0,0.0,-1513554.0
2023-08,Holladay,34181612.0,4.85,1.35,0.0,0.0,0.55,0.25,0.0,0.0,0.0,0.0,0.0,0.0,0.0,-297548887.0
2023-08,Murray,257549804.0,4.85,1.35,0.0,0.0,0.55,0.25,0.0,0.0,0.0,0.0,0.0,0.0,0.0,201756135.0
2023-08,North Salt Lake,53802378.0,4.85,1.35,0.0,0.0,0.55,0.25,0.0,0.0,0.0,0.0,0.0,0.0,0.0,-8591127.0
2023-08,Salt Lake City,1002226594.0,4.85,1.35,0.0,0.0,0.55,0.25,0.5,0.0,0.0,0.0,0.5,0.0,0.0,963292819.0
2023-08,South Salt Lake,231725750.0,4.85,1.35,0.0,0.0,0.55,0.25,0.0,0.0,0.0,0.0,0.0,0.0,0.0,362875.0
2023-08,Taylorsville,68497304.0,4.85,1.35,0.0,0.0,0.55,0.25,0.0,0.0,0.0,0.0,0.0,0.0,0.0,13530699.0
2023-08,West Valley City,345477275.0,4.85,1.35,0.0,0.0,0.55,0.25,0.0,0.0,0.0,0.0,-0.5,0.0,0.0,-579140475.0
2023-08,Woods Cross,57561021.0,4.85,1.35,0.0,0.0,0.55,0.25,0.0,0.0,0.0,0.0,0.0,0.0,0.0,-145848368.0
2023-09,Bountiful,62717503.0,4.85,1.35,0.0,0.0,0.55,0.25,0.0,0.0,0.0,0.0,0.0,0.0,0.0,-6195276.0
2023-09,Holladay,36712515.0,4.85,1.35,0.0,0.0,0.55,0.25,0.0,0.0,0.0,0.0,0.0,0.0,0.0,-289893976.0
2023-09,Murray,241727015.0,4.85,1.35,0.0,0.0,0.55,0.25,0.0,0.0,0.0,0.0,0.0,0.0,0.0,188867448.0
2023-09,North Salt Lake,53358270.0,4.85,1.35,0.0,0.0,0.55,0.25,0.0,0.0,0.0,0.0,0.0,0.0,0.0,-16157206.0
2023-09,Salt Lake City,953589977.0,4.85,1.35,0.0,0.0,0.55,0.25,0.5,0.0,0.0,0.0,0.5,0.0,0.0,919408365.0
2023-09,South Salt Lake,217060300.0,4.85,1.35,0.0,0.0,0.55,0.25,0.0,0.0,0.0,0.0,0.0,0.0,0.0,-40489504.0
2023-09,Taylorsville,69684539.0,4.85,1.35,0.0,0.0,0.55,0.25,0.0,0.0,0.0,0.0,0.0,0.0,0.0,15882161.0
2023-09,West Valley City,322831862.0,4.85,1.35,0.0,0.0,0.55,0.25,0.0,0.0,0.0,0.0,-0.5,0.0,0.0,-679394732.0
2023-09,Woods Cross,52580994.0,4.85,1.35,0.0,0.0,0.55,0.25,0.0,0.0,0.0,0.0,0.0,0.0,0.0,-179144756.0
2023-10,Bountiful,64020067.0,4.85,1.35,0.0,0.0,0.55,0.25,0.0,0.0,0.0,0.0,0.0,0.0,0.0,-4477237.0
2023-10,Holladay,38986308.0,4.85,1.35,0.0,0.0,0.55,0.25,0.0,0.0,0.0,0.0,0.0,0.0,0.0,-306490967.0
2023-10,Murray,221372195.0,4.85,1.35,0.0,0.0,0.55,0.25,0.0,0.0,0.0,0.0,0.0,0.0,0.0,163811174.0
2023-10,North Salt Lake,52133677.0,4.85,1.35,0.0,0.0,0.55,0.25,0.0,0.0,0.0,0.0,0.0,0.0,0.0,-10583826.0
2023-10,Salt Lake City,935254929.0,4.85,1.35,0.0,0.0,0.55,0.25,0.5,0.0,0.0,0.0,0.5,0.0,0.0,898542414.0
2023-10,South Salt Lake,208313308.0,4.85,1.35,0.0,0.0,0.55,0.25,0.0,0.0,0.0,0.0,0.0,0.0,0.0,-33413707.0
2023-10,Taylorsville,66018985.0,4.85,1.35,0.0,0.0,0.55,0.25,0.0,0.0,0.0,0.0,0.0,0.0,0.0,12660715.0
2023-10,West Valley City,322384349.0,4.85,1.35,0.0,0.0,0.55,0.25,0.0,0.0,0.0,0.0,-0.5,0.0,0.0,-631205628.0
2023-10,Woods Cross,46333251.0,4.85,1.35,0.0,0.0,0.55,0.25,0.0,0.0,0.0,0.0,0.0,0.0,0.0,-170727049.0
2023-11,Bountiful,68513733.0,4.85,1.35,0.0,0.0,0.55,0.25,0.0,0.0,0.0,0.0,0.0,0.0,0.0,-1170806.0
2023-11,Holladay,38514464.0,4.85,1.35,0.0,0.0,0.55,0.25,0.0,0.0,0.0,0.0,0.0,0.0,0.0,-284317398.0
2023-11,Murray,230556486.0,4.85,1.35,0.0,0.0,0.55,0.25,0.0,0.0,0.0,0.0,0.0,0.0,0.0,177975492.0
2023-11,North Salt Lake,49371376.0,4.85,1.35,0.0,0.0,0.55,0.25,0.0,0.0,0.0,0.0,0.0,0.0,0.0,-14648691.0
2023-11,Salt Lake City,921516889.0,4.85,1.35,0.0,0.0,0.55,0.25,0.5,0.0,0.0,0.0,0.5,0.0,0.0,882530581.0
2023-11,South Salt Lake,213751790.0,4.85,1.35,0.0,0.0,0.55,0.25,0.0,0.0,0.0,0.0,0.0,0.0,0.0,-7620405.0
2023-11,Taylorsville,69459040.0,4.85,1.35,0.0,0.0,0.55,0.25,0.0,0.0,0.0,0.0,0.0,0.0,0.0,17325363.0
2023-11,West Valley City,325656946.0,4.85,1.35,0.0,0.0,0.55,0.25,0.0,0.0,0.0,0.0,-0.5,0.0,0.0,-609597983.0
2023-11,Woods Cross,46946816.0,4.85,1.35,0.0,0.0,0.55,0.25,0.0,0.0,0.0,0.0,0.0,0.0,0.0,-161366492.0
2023-12,Bountiful,85135457.0,4.85,1.35,0.0,0.0,0.55,0.25,0.0,0.0,0.0,0.0,0.0,0.0,0.0,19116472.0
2023-12,Holladay,43448635.0,4.85,1.35,0.0,0.0,0.55,0.25,0.0,0.0,0.0,0.0,0.0,0.0,0.0,-278935714.0
2023-12,Murray,279369765.0,4.85,1.35,0.0,0.0,0.55,0.25,0.0,0.0,0.0,0.0,0.0,0.0,0.0,233036514.0
2023-12,North Salt Lake,47276760.0,4.85,1.35,0.0,0.0,0.55,0.25,0.0,0.0,0.0,0.0,0.0,0.0,0.0,-21236973.0
2023-12,Salt Lake City,992974918.0,4.85,1.35,0.0,0.0,0.55,0.25,0.5,0.0,0.0,0.0,0.5,0.0,0.0,954460454.0
2023-12,South Salt Lake,207053026.0,4.85,1.35,0.0,0.0,0.55,0.25,0.0,0.0,0.0,0.0,0.0,0.0,0.0,-23503460.0
2023-12,Taylorsville,83398394.0,4.85,1.35,0.0,0.0,0.55,0.25,0.0,0.0,0.0,0.0,0.0,0.0,0.0,34027018.0
2023-12,West Valley City,379296186.0,4.85,1.35,0.0,0.0,0.55,0.25,0.0,0.0,0.0,0.0,-0.5,0.0,0.0,-542220703.0
2023-12,Woods Cross,52981713.0,4.85,1.35,0.0,0.0,0.55,0.25,0.0,0.0,0.0,0.0,0.0,0.0,0.0,-160770077.0
2024-01,Bountiful,66762920.0,4.85,1.35,0.0,0.0,0.55,0.25,0.0,0.0,0.0,0.0,0.0,0.0,0.0,-2696120.0
2024-01,Holladay,35394194.0,4.85,1.35,0.0,0.0,0.55,0.25,0.0,0.0,0.0,0.0,0.0,0.0,0.0,-290262752.0
2024-01,Murray,209763848.0,4.85,1.35,0.0,0.0,0.55,0.25,0.0,0.0,0.0,0.0,0.0,0.0,0.0,162817032.0
2024-01,North Salt Lake,44887397.0,4.85,1.35,0.0,0.0,0.55,0.25,0.0,0.0,0.0,0.0,0.0,0.0,0.0,-40248060.0
2024-01,Salt Lake City,899608822.0,4.85,1.35,0.0,0.0,0.55,0.25,0.5,0.0,0.0,0.0,0.5,0.0,0.0,856160187.0
2024-01,South Salt Lake,187673364.0,4.85,1.35,0.0,0.0,0.55,0.25,0.0,0.0,0.0,0.0,0.0,0.0,0.0,-91696401.0
2024-01,Taylorsville,69950406.0,4.85,1.35,0.0,0.0,0.55,0.25,0.0,0.0,0.0,0.0,0.0,0.0,0.0,22673646.0
2024-01,West Valley City,288934491.0,4.85,1.35,0.0,0.0,0.55,0.25,0.0,0.0,0.0,0.0,-0.5,0.0,0.0,-704040427.0
2024-01,Woods Cross,43938436.0,4.85,1.35,0.0,0.0,0.55,0.25,0.0,0.0,0.0,0.0,0.0,0.0,0.0,-163114590.0
2024-02,Bountiful,67072705.0,4.85,1.35,0.0,0.0,0.55,0.25,0.0,0.0,0.0,0.0,0.0,0.0,0.0,-16325689.0
2024-02,Holladay,33932611.0,4.85,1.35,0.0,0.0,0.55,0.25,0.0,0.0,0.0,0.0,0.0,0.0,0.0,-345363575.0
2024-02,Murray,203361895.0,4.85,1.35,0.0,0.0,0.55,0.25,0.0,0.0,0.0,0.0,0.0,0.0,0.0,150380182.0
2024-02,North Salt Lake,50972823.0,4.85,1.35,0.0,0.0,0.55,0.25,0.0,0.0,0.0,0.0,0.0,0.0,0.0,-15790097.0
2024-02,Salt Lake City,882556876.0,4.85,1.35,0.0,0.0,0.55,0.25,0.5,0.0,0.0,0.0,0.5,0.0,0.0,847162682.0
2024-02,South Salt Lake,183545203.0,4.85,1.35,0.0,0.0,0.55,0.25,0.0,0.0,0.0,0.0,0.0,0.0,0.0,-26218645.0
2024-02,Taylorsville,64158291.0,4.85,1.35,0.0,0.0,0.55,0.25,0.0,0.0,0.0,0.0,0.0,0.0,0.0,19270894.0
2024-02,West Valley City,274267333.0,4.85,1.35,0.0,0.0,0.55,0.25,0.0,0.0,0.0,0.0,-0.5,0.0,0.0,-625341489.0
2024-02,Woods Cross,42407613.0,4.85,1.35,0.0,0.0,0.55,0.25,0.0,0.0,0.0,0.0,0.0,0.0,0.0,-145265751.0
2024-03,Bountiful,69785550.0,4.85,1.35,0.0,0.0,0.55,0.25,0.0,0.0,0.0,0.0,0.0,0.0,0.0,-164856.0
2024-03,Holladay,36812558.0,4.85,1.35,0.0,0.0,0.55,0.25,0.0,0.0,0.0,0.0,0.0,0.0,0.0,-252121933.0
2024-03,Murray,230735167.0,4.85,1.35,0.0,0.0,0.55,0.25,0.0,0.0,0.0,0.0,0.0,0.0,0.0,186796731.0
2024-03,North Salt Lake,44932323.0,4.85,1.35,0.0,0.0,0.55,0.25,0.0,0.0,0.0,0.0,0.0,0.0,0.0,-22140382.0
2024-03,Salt Lake City,963976450.0,4.85,1.35,0.0,0.0,0.55,0.25,0.5,0.0,0.0,0.0,0.5,0.0,0.0,930043839.0
2024-03,South Salt Lake,199219800.0,4.85,1.35,0.0,0.0,0.55,0.25,0.0,0.0,0.0,0.0,0.0,0.0,0.0,-4142095.0
2024-03,Taylorsville,70933462.0,4.85,1.35,0.0,0.0,0.55,0.25,0.0,0.0,0.0,0.0,0.0,0.0,0.0,19960639.0
2024-03,West Valley City,316084973.0,4.85,1.35,0.0,0.0,0.55,0.25,0.0,0.0,0.0,0.0,-0.5,0.0,0.0,-566471903.0
2024-03,Woods Cross,47724187.0,4.85,1.35,0.0,0.0,0.55,0.25,0.0,0.0,0.0,0.0,0.0,0.0,0.0,-135821016.0
2024-04,Bountiful,64710933.0,4.85,1.35,0.0,0.0,0.55,0.25,0.0,0.0,0.0,0.0,0.0,0.0,0.0,552642.0
2024-04,Holladay,34734857.0,4.85,1.35,0.0,0.0,0.55,0.25,0.0,0.0,0.0,0.0,0.0,0.0,0.0,-239532476.0
2024-04,Murray,222814388.0,4.85,1.35,0.0,0.0,0.55,0.25,0.0,0.0,0.0,0.0,0.0,0.0,0.0,180406775.0
2024-04,North Salt Lake,48910095.0,4.85,1.35,0.0,0.0,0.55,0.25,0.0,0.0,0.0,0.0,0.0,0.0,0.0,-20875455.0
2024-04,Salt Lake City,872104104.0,4.85,1.35,0.0,0.0,0.55,0.25,0.5,0.0,0.0,0.0,0.5,0.0,0.0,835291546.0
2024-04,South Salt Lake,188393166.0,4.85,1.35,0.0,0.0,0.55,0.25,0.0,0.0,0.0,0.0,0.0,0.0,0.0,-42342001.0
2024-04,Taylorsville,65983578.0,4.85,1.35,0.0,0.0,0.55,0.25,0.0,0.0,0.0,0.0,0.0,0.0,0.0,21051255.0
2024-04,West Valley City,312337556.0,4.85,1.35,0.0,0.0,0.55,0.25,0.0,0.0,0.0,0.0,-0.5,0.0,0.0,-651638894.0
2024-04,Woods Cross,49879118.0,4.85,1.35,0.0,0.0,0.55,0.25,0.0,0.0,0.0,0.0,0.0,0.0,0.0,-149340682.0
2024-05,Bountiful,69187912.0,4.85,1.35,0.0,0.0,0.55,0.25,0.0,0.0,0.0,0.0,0.0,0.0,0.0,-1745550.0
2024-05,Holladay,37510940.0,4.85,1.35,0.0,0.0,0.55,0.25,0.0,0.0,0.0,0.0,0.0,0.0,0.0,-278574033.0
2024-05,Murray,238646472.0,4.85,1.35,0.0,0.0,0.55,0.25,0.0,0.0,0.0,0.0,0.0,0.0,0.0,190922285.0
2024-05,North Salt Lake,44973234.0,4.85,1.35,0.0,0.0,0.55,0.25,0.0,0.0,0.0,0.0,0.0,0.0,0.0,-19737699.0
2024-05,Salt Lake City,907288472.0,4.85,1.35,0.0,0.0,0.55,0.25,0.5,0.0,0.0,0.0,0.5,0.0,0.0,872553615.0
2024-05,South Salt Lake,197790116.0,4.85,1.35,0.0,0.0,0.55,0.25,0.0,0.0,0.0,0.0,0.0,0.0,0.0,-25024272.0
2024-05,Taylorsville,68495413.0,4.85,1.35,0.0,0.0,0.55,0.25,0.0,0.0,0.0,0.0,0.0,0.0,0.0,19585318.0
2024-05,West Valley City,322970314.0,4.85,1.35,0.0,0.0,0.55,0.25,0.0,0.0,0.0,0.0,-0.5,0.0,0.0,-549133790.0
2024-05,Woods Cross,51122563.0,4.85,1.35,0.0,0.0,0.55,0.25,0.0,0.0,0.0,0.0,0.0,0.0,0.0,-137270603.0
2024-06,Bountiful,69323254.0,4.85,1.35,0.0,0.0,0.55,0.25,0.0,0.0,0.0,0.0,0.0,0.0,0.0,3339676.0
2024-06,Holladay,37434457.0,4.85,1.35,0.0,0.0,0.55,0.25,0.0,0.0,0.0,0.0,0.0,0.0,0.0,-274903099.0
2024-06,Murray,235160152.0,4.85,1.35,0.0,0.0,0.55,0.25,0.0,0.0,0.0,0.0,0.0,0.0,0.0,185281034.0
2024-06,North Salt Lake,50449023.0,4.85,1.35,0.0,0.0,0.55,0.25,0.0,0.0,0.0,0.0,0.0,0.0,0.0,-18738889.0
2024-06,Salt Lake City,962615143.0,4.85,1.35,0.0,0.0,0.55,0.25,0.5,0.0,0.0,0.0,0.5,0.0,0.0,925104203.0
2024-06,South Salt Lake,195206096.0,4.85,1.35,0.0,0.0,0.55,0.25,0.0,0.0,0.0,0.0,0.0,0.0,0.0,-43440376.0
2024-06,Taylorsville,72128665.0,4.85,1.35,0.0,0.0,0.55,0.25,0.0,0.0,0.0,0.0,0.0,0.0,0.0,27155431.0
2024-06,West Valley City,318753097.0,4.85,1.35,0.0,0.0,0.55,0.25,0.0,0.0,0.0,0.0,-0.5,0.0,0.0,-588535375.0
2024-06,Woods Cross,51221455.0,4.85,1.35,0.0,0.0,0.55,0.25,0.0,0.0,0.0,0.0,0.0,0.0,0.0,-146568661.0
